<?xml version="1.0" encoding="UTF-8"?>
<!DOCTYPE html PUBLIC "-//W3C//DTD XHTML 1.0 Transitional//EN"
    "http://www.w3.org/TR/xhtml1/DTD/xhtml1-transitional.dtd">
<html xmlns="http://www.w3.org/1999/xhtml" xml:lang="en" lang="en">
 <head>
  <title>
</title>
<meta http-equiv="Content-Type" content="text/html;charset=utf-8" />
  <meta name='ocr-system' content='tesseract 3.04.00' />
  <meta name='ocr-capabilities' content='ocr_page ocr_carea ocr_par ocr_line ocrx_word'/>
</head>
<body>
  <div class='ocr_page' id='page_1' title='image "MN42058ucmf_2_0041.png"; bbox 0 0 1912 3075; ppageno 0'>
   <div class='ocr_carea' id='block_1_1' title="bbox 283 167 488 238">
    <p class='ocr_par' dir='ltr' id='par_1_1' title="bbox 283 167 488 238">
     <span class='ocr_line' id='line_1_1' title="bbox 283 167 488 238; baseline 0 0"><span class='ocrx_word' id='word_1_1' title='bbox 283 170 285 173; x_wconf 52' lang='grc'>’</span> <span class='ocrx_word' id='word_1_2' title='bbox 358 167 488 238; x_wconf 57' lang='lat'>423-</span> 
     </span>
    </p>
   </div>
   <div class='ocr_carea' id='block_1_2' title="bbox 83 326 765 384">
    <p class='ocr_par' dir='ltr' id='par_1_2' title="bbox 83 326 765 384">
     <span class='ocr_line' id='line_1_2' title="bbox 83 326 765 384; baseline 0 -15"><span class='ocrx_word' id='word_1_3' title='bbox 83 329 107 370; x_wconf 88' lang='lat' dir='ltr'>iis</span> <span class='ocrx_word' id='word_1_4' title='bbox 121 328 155 381; x_wconf 83' lang='lat' dir='ltr'>qm</span> <span class='ocrx_word' id='word_1_5' title='bbox 169 329 193 370; x_wconf 91' lang='lat' dir='ltr'>de</span> <span class='ocrx_word' id='word_1_6' title='bbox 201 329 276 372; x_wconf 85' lang='lat' dir='ltr'>Messia</span> <span class='ocrx_word' id='word_1_7' title='bbox 288 330 442 384; x_wconf 72' lang='lat' dir='ltr'>interpretantur</span> <span class='ocrx_word' id='word_1_8' title='bbox 452 327 530 381; x_wconf 80' lang='lat' dir='ltr'>objicit:</span> <span class='ocrx_word' id='word_1_9' title='bbox 544 326 688 369; x_wconf 79' lang='lat' dir='ltr'>Naohdesaias</span> <span class='ocrx_word' id='word_1_10' title='bbox 702 328 765 370; x_wconf 89' lang='lat' dir='ltr'>selbst</span> 
     </span>
    </p>
   </div>
   <div class='ocr_carea' id='block_1_3' title="bbox 1 400 764 459">
    <p class='ocr_par' dir='ltr' id='par_1_3' title="bbox 1 400 764 459">
     <span class='ocr_line' id='line_1_3' title="bbox 1 400 764 459; baseline 0.001 -18"><span class='ocrx_word' id='word_1_11' title='bbox 1 415 3 417; x_wconf 94' lang='lat'>·</span> <span class='ocrx_word' id='word_1_12' title='bbox 83 401 125 441; x_wconf 88' lang='lat' dir='ltr'>tritt</span> <span class='ocrx_word' id='word_1_13' title='bbox 139 401 173 442; x_wconf 86' lang='lat' dir='ltr'>dor</span> <span class='ocrx_word' id='word_1_14' title='bbox 182 402 267 443; x_wconf 83' lang='lat' dir='ltr'>Messias</span> <span class='ocrx_word' id='word_1_15' title='bbox 281 406 321 443; x_wconf 90' lang='lat' dir='ltr'>erst</span> <span class='ocrx_word' id='word_1_16' title='bbox 334 402 386 442; x_wconf 91' lang='lat' dir='ltr'>naob</span> <span class='ocrx_word' id='word_1_17' title='bbox 400 401 463 441; x_wconf 86' lang='lat' dir='ltr'>einen</span> <span class='ocrx_word' id='word_1_18' title='bbox 477 400 604 453; x_wconf 79' lang='lat' dir='ltr'>gewaltigen,</span> <span class='ocrx_word' id='word_1_19' title='bbox 616 400 655 459; x_wconf 88' lang='lat' dir='ltr'>das</span> <span class='ocrx_word' id='word_1_20' title='bbox 663 400 716 441; x_wconf 81' lang='lat' dir='ltr'>Volk</span> <span class='ocrx_word' id='word_1_21' title='bbox 731 401 764 442; x_wconf 88' lang='lat' dir='ltr'>de·</span> 
     </span>
    </p>
   </div>
   <div class='ocr_carea' id='block_1_4' title="bbox 82 473 765 600">
    <p class='ocr_par' dir='ltr' id='par_1_4' title="bbox 82 473 765 600">
     <span class='ocr_line' id='line_1_4' title="bbox 84 473 764 528; baseline -0.001 -12"><span class='ocrx_word' id='word_1_22' title='bbox 84 474 204 516; x_wconf 88' lang='lat' dir='ltr'>eimirenden</span> <span class='ocrx_word' id='word_1_23' title='bbox 212 475 344 528; x_wconf 79' lang='lat' dir='ltr'>Strafgerieht</span> <span class='ocrx_word' id='word_1_24' title='bbox 351 474 389 526; x_wconf 85' lang='lat' dir='ltr'>ein,</span> <span class='ocrx_word' id='word_1_25' title='bbox 400 487 459 526; x_wconf 86' lang='lat' dir='ltr'>quam</span> <span class='ocrx_word' id='word_1_26' title='bbox 468 474 585 514; x_wconf 85' lang='lat' dir='ltr'>sententiam</span> <span class='ocrx_word' id='word_1_27' title='bbox 594 473 633 514; x_wconf 88' lang='lat' dir='ltr'>hoo</span> <span class='ocrx_word' id='word_1_28' title='bbox 642 473 686 515; x_wconf 93' lang='lat' dir='ltr'>loeo</span> <span class='ocrx_word' id='word_1_29' title='bbox 694 474 764 515; x_wconf 81' lang='lat' dir='ltr'>deesse</span> 
     </span>
     <span class='ocr_line' id='line_1_5' title="bbox 82 544 765 600; baseline -0.001 -12"><span class='ocrx_word' id='word_1_30' title='bbox 82 546 117 588; x_wconf 97' lang='grc'><strong>1116</strong></span> <span class='ocrx_word' id='word_1_31' title='bbox 131 547 243 588; x_wconf 77' lang='lat' dir='ltr'>arbitratur</span> <span class='ocrx_word' id='word_1_32' title='bbox 265 546 309 588; x_wconf 88' lang='lat' dir='ltr'>Hoe</span> <span class='ocrx_word' id='word_1_33' title='bbox 322 549 459 600; x_wconf 78' lang='lat' dir='ltr'>argumentum</span> <span class='ocrx_word' id='word_1_34' title='bbox 474 557 532 598; x_wconf 87' lang='lat' dir='ltr'>quam</span> <span class='ocrx_word' id='word_1_35' title='bbox 546 544 644 586; x_wconf 86' lang='lat' dir='ltr'>infirmum</span> <span class='ocrx_word' id='word_1_36' title='bbox 659 548 678 586; x_wconf 94' lang='lat' dir='ltr'>et</span> <span class='ocrx_word' id='word_1_37' title='bbox 690 545 765 587; x_wconf 89' lang='lat' dir='ltr'>nullum</span> 
     </span>
    </p>
   </div>
   <div class='ocr_carea' id='block_1_5' title="bbox 1 618 765 681">
    <p class='ocr_par' dir='ltr' id='par_1_5' title="bbox 1 618 765 681">
     <span class='ocr_line' id='line_1_6' title="bbox 1 618 765 681; baseline 0.001 -20"><span class='ocrx_word' id='word_1_38' title='bbox 1 679 3 681; x_wconf 14' lang='lat' dir='ltr'>q</span> <span class='ocrx_word' id='word_1_39' title='bbox 84 620 115 673; x_wconf 72' lang='lat' dir='ltr'>sit,</span> <span class='ocrx_word' id='word_1_40' title='bbox 130 624 220 675; x_wconf 89' lang='lat' dir='ltr'>apparet.</span> <span class='ocrx_word' id='word_1_41' title='bbox 247 619 349 674; x_wconf 82' lang='lat' dir='ltr'>idipsum</span> <span class='ocrx_word' id='word_1_42' title='bbox 367 624 397 662; x_wconf 88' lang='lat' dir='ltr'>est</span> <span class='ocrx_word' id='word_1_43' title='bbox 410 620 469 662; x_wconf 91' lang='lat' dir='ltr'>totius</span> <span class='ocrx_word' id='word_1_44' title='bbox 482 618 541 673; x_wconf 85' lang='lat' dir='ltr'>hujus</span> <span class='ocrx_word' id='word_1_45' title='bbox 559 618 661 660; x_wconf 89' lang='lat' dir='ltr'>oommatis</span> <span class='ocrx_word' id='word_1_46' title='bbox 679 633 765 662; x_wconf 86' lang='lat' dir='ltr'>momen-</span> 
     </span>
    </p>
   </div>
   <div class='ocr_carea' id='block_1_6' title="bbox 46 691 767 1187">
    <p class='ocr_par' dir='ltr' id='par_1_6' title="bbox 46 691 767 1187">
     <span class='ocr_line' id='line_1_7' title="bbox 83 691 766 747; baseline 0 -13"><span class='ocrx_word' id='word_1_47' title='bbox 83 697 125 734; x_wconf 93' lang='lat' dir='ltr'>tum</span> <span class='ocrx_word' id='word_1_48' title='bbox 140 697 199 745; x_wconf 88' lang='lat' dir='ltr'>atque</span> <span class='ocrx_word' id='word_1_49' title='bbox 214 694 273 734; x_wconf 87' lang='lat' dir='ltr'>oardo</span> <span class='ocrx_word' id='word_1_50' title='bbox 281 725 286 747; x_wconf 82' lang='lat'><em>‚</em></span> <span class='ocrx_word' id='word_1_51' title='bbox 301 694 355 745; x_wconf 91' lang='lat' dir='ltr'>quod</span> <span class='ocrx_word' id='word_1_52' title='bbox 367 693 430 734; x_wconf 86' lang='lat' dir='ltr'>Israel</span> <span class='ocrx_word' id='word_1_53' title='bbox 444 696 464 734; x_wconf 90' lang='lat' dir='ltr'>et</span> <span class='ocrx_word' id='word_1_54' title='bbox 476 692 533 745; x_wconf 79' lang='lat' dir='ltr'>regia</span> <span class='ocrx_word' id='word_1_55' title='bbox 547 691 626 745; x_wconf 85' lang='lat' dir='ltr'>domus,</span> <span class='ocrx_word' id='word_1_56' title='bbox 641 692 706 744; x_wconf 85' lang='lat' dir='ltr'>qualis</span> <span class='ocrx_word' id='word_1_57' title='bbox 719 696 766 734; x_wconf 88' lang='lat' dir='ltr'>tuno</span> 
     </span>
     <span class='ocr_line' id='line_1_8' title="bbox 46 757 766 819; baseline 0 -13"><span class='ocrx_word' id='word_1_58' title='bbox 46 777 48 779; x_wconf 87' lang='lat'>·</span> <span class='ocrx_word' id='word_1_59' title='bbox 85 769 132 817; x_wconf 82' lang='lat' dir='ltr'>erat,</span> <span class='ocrx_word' id='word_1_60' title='bbox 146 757 249 819; x_wconf 87' lang='lat' dir='ltr'>supplieiis</span> <span class='ocrx_word' id='word_1_61' title='bbox 258 766 382 819; x_wconf 80' lang='lat' dir='ltr'>gravissimis</span> <span class='ocrx_word' id='word_1_62' title='bbox 393 766 498 819; x_wconf 80' lang='lat' dir='ltr'>frangatur</span> <span class='ocrx_word' id='word_1_63' title='bbox 505 778 588 807; x_wconf 88' lang='lat' dir='ltr'>neeesse</span> <span class='ocrx_word' id='word_1_64' title='bbox 600 765 632 817; x_wconf 49' lang='lat' dir='ltr'>sit!</span> <span class='ocrx_word' id='word_1_65' title='bbox 646 764 710 807; x_wconf 87' lang='lat' dir='ltr'>donee</span> <span class='ocrx_word' id='word_1_66' title='bbox 717 769 766 807; x_wconf 90' lang='lat' dir='ltr'>tem-</span> 
     </span>
     <span class='ocr_line' id='line_1_9' title="bbox 84 837 766 894; baseline -0.001 -15"><span class='ocrx_word' id='word_1_67' title='bbox 84 851 133 892; x_wconf 90' lang='lat' dir='ltr'>pore</span> <span class='ocrx_word' id='word_1_68' title='bbox 148 838 405 894; x_wconf 80' lang='lat' dir='ltr'>adverso-sapientissimus</span> <span class='ocrx_word' id='word_1_69' title='bbox 419 839 493 880; x_wconf 92' lang='lat' dir='ltr'>oriatur</span> <span class='ocrx_word' id='word_1_70' title='bbox 506 838 625 879; x_wconf 79' lang='lat' dir='ltr'>moderator.</span> <span class='ocrx_word' id='word_1_71' title='bbox 646 837 682 879; x_wconf 83' lang='lat' dir='ltr'>Est</span> <span class='ocrx_word' id='word_1_72' title='bbox 696 838 766 879; x_wconf 88' lang='lat' dir='ltr'>eadem</span> 
     </span>
     <span class='ocr_line' id='line_1_10' title="bbox 85 911 766 967; baseline 0.001 -14"><span class='ocrx_word' id='word_1_73' title='bbox 85 911 188 965; x_wconf 83' lang='lat' dir='ltr'>sententia,</span> <span class='ocrx_word' id='word_1_74' title='bbox 204 926 254 966; x_wconf 85' lang='lat' dir='ltr'>quae</span> <span class='ocrx_word' id='word_1_75' title='bbox 269 927 312 955; x_wconf 87' lang='lat' dir='ltr'>oum</span> <span class='ocrx_word' id='word_1_76' title='bbox 323 926 359 967; x_wconf 88' lang='lat' dir='ltr'>per</span> <span class='ocrx_word' id='word_1_77' title='bbox 369 916 432 955; x_wconf 89' lang='lat' dir='ltr'>totum</span> <span class='ocrx_word' id='word_1_78' title='bbox 439 912 520 955; x_wconf 80' lang='lat' dir='ltr'>Jesaiae</span> <span class='ocrx_word' id='word_1_79' title='bbox 533 911 606 953; x_wconf 87' lang='lat' dir='ltr'>librum</span> <span class='ocrx_word' id='word_1_80' title='bbox 617 914 657 953; x_wconf 89' lang='lat' dir='ltr'>tum</span> <span class='ocrx_word' id='word_1_81' title='bbox 671 924 707 965; x_wconf 92' lang='lat' dir='ltr'>per</span> <span class='ocrx_word' id='word_1_82' title='bbox 718 911 766 954; x_wconf 76' lang='lat' dir='ltr'>duro-</span> 
     </span>
     <span class='ocr_line' id='line_1_11' title="bbox 85 975 767 1038; baseline 0 -13"><span class='ocrx_word' id='word_1_83' title='bbox 85 975 148 1025; x_wconf 83' lang='lat' dir='ltr'>deeim</span> <span class='ocrx_word' id='word_1_84' title='bbox 162 986 230 1037; x_wconf 92' lang='lat' dir='ltr'>priora</span> <span class='ocrx_word' id='word_1_85' title='bbox 244 986 286 1037; x_wconf 89' lang='lat' dir='ltr'>ejus</span> <span class='ocrx_word' id='word_1_86' title='bbox 301 986 367 1038; x_wconf 90' lang='lat' dir='ltr'>eapita</span> <span class='ocrx_word' id='word_1_87' title='bbox 381 985 466 1026; x_wconf 82' lang='lat' dir='ltr'>obvenit.</span> <span class='ocrx_word' id='word_1_88' title='bbox 491 985 649 1025; x_wconf 74' lang='lat' dir='ltr'>Consentaneum</span> <span class='ocrx_word' id='word_1_89' title='bbox 663 989 699 1035; x_wconf 84' lang='lat' dir='ltr'>est,</span> <span class='ocrx_word' id='word_1_90' title='bbox 714 985 767 1036; x_wconf 89' lang='lat' dir='ltr'>qnod</span> 
     </span>
     <span class='ocr_line' id='line_1_12' title="bbox 84 1057 766 1115; baseline 0.001 -18"><span class='ocrx_word' id='word_1_91' title='bbox 84 1057 140 1110; x_wconf 72' lang='lat' dir='ltr'>XLt</span> <span class='ocrx_word' id='word_1_92' title='bbox 154 1058 252 1109; x_wconf 90' lang='lat' dir='ltr'>propbeta</span> <span class='ocrx_word' id='word_1_93' title='bbox 264 1058 316 1109; x_wconf 79' lang='lat' dir='ltr'>dicit,</span> <span class='ocrx_word' id='word_1_94' title='bbox 332 1058 411 1098; x_wconf 89' lang='lat' dir='ltr'>domum</span> <span class='ocrx_word' id='word_1_95' title='bbox 418 1057 552 1098; x_wconf 81' lang='lat' dir='ltr'>Davidisiieri</span> <span class='ocrx_word' id='word_1_96' title='bbox 565 1060 656 1109; x_wconf 86' lang='lat' dir='ltr'>oportere</span> <span class='ocrx_word' id='word_1_97' title='bbox 668 1063 706 1115; x_wconf 58' lang='lat' dir='ltr'>day,</span> <span class='ocrx_word' id='word_1_98' title='bbox 714 1058 766 1098; x_wconf 87' lang='lat' dir='ltr'>unde</span> 
     </span>
     <span class='ocr_line' id='line_1_13' title="bbox 85 1125 766 1187; baseline 0.003 -21"><span class='ocrx_word' id='word_1_99' title='bbox 85 1127 159 1187; x_wconf 62' lang='grc'><strong>*1131161</strong></span> <span class='ocrx_word' id='word_1_100' title='bbox 173 1133 202 1186; x_wconf 62' lang='grc' dir='ltr'>Ἦ</span> <span class='ocrx_word' id='word_1_101' title='bbox 216 1127 290 1168; x_wconf 86' lang='lat' dir='ltr'>oriatur</span> <span class='ocrx_word' id='word_1_102' title='bbox 305 1126 340 1182; x_wconf 83' lang='lat' dir='ltr'>[of.</span> <span class='ocrx_word' id='word_1_103' title='bbox 353 1126 375 1180; x_wconf 85' lang='lat' dir='ltr'>V,</span> <span class='ocrx_word' id='word_1_104' title='bbox 388 1127 423 1180; x_wconf 74' lang='lat'>243</span> <span class='ocrx_word' id='word_1_105' title='bbox 438 1126 471 1178; x_wconf 89' lang='lat' dir='ltr'>VI,</span> <span class='ocrx_word' id='word_1_106' title='bbox 487 1126 531 1181; x_wconf 80' lang='lat'>13).</span> <span class='ocrx_word' id='word_1_107' title='bbox 558 1126 588 1167; x_wconf 81' lang='grc'><strong>1111</strong></span> <span class='ocrx_word' id='word_1_108' title='bbox 602 1125 702 1180; x_wconf 80' lang='lat' dir='ltr'>geminum</span> <span class='ocrx_word' id='word_1_109' title='bbox 716 1127 766 1169; x_wconf 88' lang='lat' dir='ltr'>veri-</span> 
     </span>
    </p>
   </div>
   <div class='ocr_carea' id='block_1_7' title="bbox 84 1196 766 1252">
    <p class='ocr_par' dir='ltr' id='par_1_7' title="bbox 84 1196 766 1252">
     <span class='ocr_line' id='line_1_14' title="bbox 84 1196 766 1252; baseline 0.001 -13"><span class='ocrx_word' id='word_1_110' title='bbox 84 1198 131 1240; x_wconf 88' lang='lat' dir='ltr'>tatis</span> <span class='ocrx_word' id='word_1_111' title='bbox 150 1202 297 1251; x_wconf 82' lang='lat' dir='ltr'>argumentum:</span> <span class='ocrx_word' id='word_1_112' title='bbox 323 1211 369 1239; x_wconf 91' lang='lat' dir='ltr'>nam</span> <span class='ocrx_word' id='word_1_113' title='bbox 387 1201 406 1240; x_wconf 91' lang='lat' dir='ltr'>et</span> <span class='ocrx_word' id='word_1_114' title='bbox 426 1209 488 1239; x_wconf 81' lang='lat' dir='ltr'>nexrrs</span> <span class='ocrx_word' id='word_1_115' title='bbox 508 1196 650 1238; x_wconf 86' lang='lat' dir='ltr'>sententiarum</span> <span class='ocrx_word' id='word_1_116' title='bbox 668 1210 766 1252; x_wconf 81' lang='lat' dir='ltr'>nusquam</span> 
     </span>
    </p>
   </div>
   <div class='ocr_carea' id='block_1_8' title="bbox 84 1270 767 1396">
    <p class='ocr_par' dir='ltr' id='par_1_8' title="bbox 84 1270 767 1396">
     <span class='ocr_line' id='line_1_15' title="bbox 84 1270 766 1325; baseline 0.001 -13"><span class='ocrx_word' id='word_1_117' title='bbox 84 1271 205 1325; x_wconf 89' lang='lat' dir='ltr'>interruptus</span> <span class='ocrx_word' id='word_1_118' title='bbox 222 1272 309 1313; x_wconf 80' lang='lat' dir='ltr'>manime</span> <span class='ocrx_word' id='word_1_119' title='bbox 331 1270 438 1314; x_wconf 87' lang='lat' dir='ltr'>eonoinnus</span> <span class='ocrx_word' id='word_1_120' title='bbox 456 1270 534 1313; x_wconf 83' lang='lat' dir='ltr'>videtur</span> <span class='ocrx_word' id='word_1_121' title='bbox 550 1274 570 1312; x_wconf 89' lang='lat' dir='ltr'>et</span> <span class='ocrx_word' id='word_1_122' title='bbox 587 1270 654 1312; x_wconf 85' lang='lat' dir='ltr'>eolore</span> <span class='ocrx_word' id='word_1_123' title='bbox 670 1270 766 1314; x_wconf 80' lang='lat' dir='ltr'>desaiano</span> 
     </span>
     <span class='ocr_line' id='line_1_16' title="bbox 85 1341 767 1396; baseline 0.001 -12"><span class='ocrx_word' id='word_1_124' title='bbox 85 1342 160 1396; x_wconf 88' lang='lat' dir='ltr'>liquido</span> <span class='ocrx_word' id='word_1_125' title='bbox 181 1342 267 1386; x_wconf 87' lang='lat' dir='ltr'>obdrrota</span> <span class='ocrx_word' id='word_1_126' title='bbox 289 1347 319 1386; x_wconf 86' lang='lat' dir='ltr'>est</span> <span class='ocrx_word' id='word_1_127' title='bbox 341 1342 450 1396; x_wconf 87' lang='lat' dir='ltr'>sententia,</span> <span class='ocrx_word' id='word_1_128' title='bbox 471 1354 530 1396; x_wconf 90' lang='lat' dir='ltr'>quam</span> <span class='ocrx_word' id='word_1_129' title='bbox 550 1341 681 1385; x_wconf 86' lang='lat' dir='ltr'>defendimus.</span> <span class='ocrx_word' id='word_1_130' title='bbox 711 1343 767 1385; x_wconf 85' lang='lat' dir='ltr'>idem</span> 
     </span>
    </p>
   </div>
   <div class='ocr_carea' id='block_1_9' title="bbox 4 1415 766 1549">
    <p class='ocr_par' dir='ltr' id='par_1_9' title="bbox 4 1415 766 1549">
     <span class='ocr_line' id='line_1_17' title="bbox 4 1415 766 1470; baseline 0.003 -14"><span class='ocrx_word' id='word_1_131' title='bbox 4 1423 5 1426; x_wconf 75' lang='grc'>’</span> <span class='ocrx_word' id='word_1_132' title='bbox 85 1416 204 1457; x_wconf 85' lang='lat' dir='ltr'>vatioinatur</span> <span class='ocrx_word' id='word_1_133' title='bbox 221 1416 322 1457; x_wconf 87' lang='lat' dir='ltr'>Miehaeus</span> <span class='ocrx_word' id='word_1_134' title='bbox 340 1416 448 1470; x_wconf 88' lang='lat' dir='ltr'>propbeta,</span> <span class='ocrx_word' id='word_1_135' title='bbox 466 1415 569 1457; x_wconf 80' lang='lat' dir='ltr'>israelitas</span> <span class='ocrx_word' id='word_1_136' title='bbox 587 1415 695 1458; x_wconf 89' lang='lat' dir='ltr'>tradendos</span> <span class='ocrx_word' id='word_1_137' title='bbox 716 1430 766 1469; x_wconf 80' lang='lat' dir='ltr'>esse,</span> 
     </span>
     <span class='ocr_line' id='line_1_18' title="bbox 14 1489 422 1549; baseline 0.005 -19"><span class='ocrx_word' id='word_1_138' title='bbox 14 1543 16 1549; x_wconf 21' lang='lat' dir='ltr'>y</span> <span class='ocrx_word' id='word_1_139' title='bbox 85 1490 149 1530; x_wconf 89' lang='lat' dir='ltr'>donee</span> <span class='ocrx_word' id='word_1_140' title='bbox 162 1490 250 1542; x_wconf 89' lang='lat' dir='ltr'>paritura</span> <span class='ocrx_word' id='word_1_141' title='bbox 264 1489 330 1542; x_wconf 91' lang='lat' dir='ltr'>pariat</span> <span class='ocrx_word' id='word_1_142' title='bbox 345 1490 378 1543; x_wconf 79' lang='lat' dir='ltr'>(V,</span> <span class='ocrx_word' id='word_1_143' title='bbox 392 1489 422 1543; x_wconf 85' lang='lat'>2).</span> 
     </span>
    </p>
   </div>
   <div class='ocr_carea' id='block_1_10' title="bbox 32 1561 769 2700">
    <p class='ocr_par' dir='ltr' id='par_1_10' title="bbox 32 1561 769 2700">
     <span class='ocr_line' id='line_1_19' title="bbox 85 1561 767 1615; baseline -0.004 -13"><span class='ocrx_word' id='word_1_144' title='bbox 85 1562 131 1603; x_wconf 88' lang='lat' dir='ltr'>Jam</span> <span class='ocrx_word' id='word_1_145' title='bbox 144 1575 192 1603; x_wconf 84' lang='lat' dir='ltr'>vero</span> <span class='ocrx_word' id='word_1_146' title='bbox 205 1562 333 1615; x_wconf 88' lang='lat' dir='ltr'>sequentibus</span> <span class='ocrx_word' id='word_1_147' title='bbox 345 1562 411 1603; x_wconf 88' lang='lat' dir='ltr'>verbis</span> <span class='ocrx_word' id='word_1_148' title='bbox 426 1561 524 1615; x_wconf 87' lang='lat' dir='ltr'>propheta</span> <span class='ocrx_word' id='word_1_149' title='bbox 538 1564 608 1614; x_wconf 86' lang='lat' dir='ltr'>quater</span> <span class='ocrx_word' id='word_1_150' title='bbox 619 1564 711 1615; x_wconf 87' lang='lat' dir='ltr'>repetens</span> <span class='ocrx_word' id='word_1_151' title='bbox 723 1562 767 1613; x_wconf 61' lang='lat' dir='ltr'>aba</span> 
     </span>
     <span class='ocr_line' id='line_1_20' title="bbox 85 1632 768 1687; baseline 0.001 -14"><span class='ocrx_word' id='word_1_152' title='bbox 85 1638 140 1683; x_wconf 60' lang='grc'><strong>111111</strong></span> <span class='ocrx_word' id='word_1_153' title='bbox 155 1633 250 1687; x_wconf 78' lang='lat' dir='ltr'>explieat,</span> <span class='ocrx_word' id='word_1_154' title='bbox 265 1633 298 1686; x_wconf 92' lang='lat' dir='ltr'>qui</span> <span class='ocrx_word' id='word_1_155' title='bbox 310 1632 353 1686; x_wconf 82' lang='lat' dir='ltr'>fiat,</span> <span class='ocrx_word' id='word_1_156' title='bbox 368 1636 389 1674; x_wconf 88' lang='lat' dir='ltr'>ut</span> <span class='ocrx_word' id='word_1_157' title='bbox 403 1632 512 1674; x_wconf 85' lang='lat' dir='ltr'>immanuel</span> <span class='ocrx_word' id='word_1_158' title='bbox 525 1632 636 1675; x_wconf 74' lang='lat' dir='ltr'>nasciturus</span> <span class='ocrx_word' id='word_1_159' title='bbox 650 1633 682 1676; x_wconf 89' lang='lat' dir='ltr'>lae</span> <span class='ocrx_word' id='word_1_160' title='bbox 695 1637 715 1676; x_wconf 91' lang='lat' dir='ltr'>et</span> <span class='ocrx_word' id='word_1_161' title='bbox 728 1633 768 1676; x_wconf 92' lang='lat' dir='ltr'>mel</span> 
     </span>
     <span class='ocr_line' id='line_1_21' title="bbox 86 1702 767 1761; baseline -0.003 -16"><span class='ocrx_word' id='word_1_162' title='bbox 86 1717 155 1761; x_wconf 86' lang='lat' dir='ltr'>esurus</span> <span class='ocrx_word' id='word_1_163' title='bbox 169 1704 199 1744; x_wconf 90' lang='lat' dir='ltr'>sit.</span> <span class='ocrx_word' id='word_1_164' title='bbox 228 1704 322 1746; x_wconf 81' lang='lat' dir='ltr'>Sibilabit</span> <span class='ocrx_word' id='word_1_165' title='bbox 334 1704 431 1744; x_wconf 88' lang='lat' dir='ltr'>Dominus</span> <span class='ocrx_word' id='word_1_166' title='bbox 449 1715 530 1743; x_wconf 87' lang='lat' dir='ltr'>museae</span> <span class='ocrx_word' id='word_1_167' title='bbox 544 1702 633 1755; x_wconf 77' lang='lat' dir='ltr'>Aegypti</span> <span class='ocrx_word' id='word_1_168' title='bbox 650 1705 670 1742; x_wconf 88' lang='lat' dir='ltr'>et</span> <span class='ocrx_word' id='word_1_169' title='bbox 683 1703 717 1757; x_wconf 89' lang='lat' dir='ltr'>api</span> <span class='ocrx_word' id='word_1_170' title='bbox 730 1703 767 1743; x_wconf 91' lang='lat' dir='ltr'>As-</span> 
     </span>
     <span class='ocr_line' id='line_1_22' title="bbox 32 1774 768 1831; baseline -0.004 -12"><span class='ocrx_word' id='word_1_171' title='bbox 32 1781 35 1787; x_wconf 89' lang='lat'>&#39;</span> <span class='ocrx_word' id='word_1_172' title='bbox 86 1776 159 1831; x_wconf 84' lang='lat' dir='ltr'>syriae,</span> <span class='ocrx_word' id='word_1_173' title='bbox 172 1780 194 1818; x_wconf 90' lang='grc'>11</span> <span class='ocrx_word' id='word_1_174' title='bbox 206 1777 288 1820; x_wconf 83' lang='lat' dir='ltr'>veniant</span> <span class='ocrx_word' id='word_1_175' title='bbox 302 1780 321 1818; x_wconf 91' lang='lat' dir='ltr'>et</span> <span class='ocrx_word' id='word_1_176' title='bbox 334 1776 407 1829; x_wconf 88' lang='lat' dir='ltr'>ubique</span> <span class='ocrx_word' id='word_1_177' title='bbox 421 1778 486 1816; x_wconf 89' lang='lat' dir='ltr'>terrae</span> <span class='ocrx_word' id='word_1_178' title='bbox 496 1774 606 1816; x_wconf 73' lang='lat' dir='ltr'>considant</span> <span class='ocrx_word' id='word_1_179' title='bbox 633 1774 678 1828; x_wconf 85' lang='lat' dir='ltr'>Aut,</span> <span class='ocrx_word' id='word_1_180' title='bbox 692 1779 714 1816; x_wconf 89' lang='lat' dir='ltr'>ut</span> <span class='ocrx_word' id='word_1_181' title='bbox 727 1776 768 1816; x_wconf 90' lang='lat' dir='ltr'>alia</span> 
     </span>
     <span class='ocr_line' id='line_1_23' title="bbox 87 1848 767 1901; baseline -0.001 -10"><span class='ocrx_word' id='word_1_182' title='bbox 87 1850 215 1891; x_wconf 83' lang='lat' dir='ltr'>similitudine</span> <span class='ocrx_word' id='word_1_183' title='bbox 230 1850 283 1891; x_wconf 90' lang='lat' dir='ltr'>idem</span> <span class='ocrx_word' id='word_1_184' title='bbox 297 1849 359 1891; x_wconf 84' lang='lat' dir='ltr'>oeulis</span> <span class='ocrx_word' id='word_1_185' title='bbox 374 1848 486 1901; x_wconf 73' lang='lat' dir='ltr'>subjiobur,</span> <span class='ocrx_word' id='word_1_186' title='bbox 501 1861 536 1901; x_wconf 88' lang='lat' dir='ltr'>per</span> <span class='ocrx_word' id='word_1_187' title='bbox 550 1849 668 1889; x_wconf 78' lang='lat' dir='ltr'>novaculam</span> <span class='ocrx_word' id='word_1_188' title='bbox 683 1849 767 1891; x_wconf 89' lang='lat' dir='ltr'>eonduo-</span> 
     </span>
     <span class='ocr_line' id='line_1_24' title="bbox 86 1921 768 1975; baseline -0.001 -12"><span class='ocrx_word' id='word_1_189' title='bbox 86 1927 127 1963; x_wconf 87' lang='lat' dir='ltr'>tam</span> <span class='ocrx_word' id='word_1_190' title='bbox 140 1923 173 1963; x_wconf 90' lang='lat' dir='ltr'>vel</span> <span class='ocrx_word' id='word_1_191' title='bbox 186 1936 199 1962; x_wconf 90' lang='lat' dir='ltr'>a</span> <span class='ocrx_word' id='word_1_192' title='bbox 207 1923 293 1963; x_wconf 91' lang='lat' dir='ltr'>Domino</span> <span class='ocrx_word' id='word_1_193' title='bbox 308 1922 349 1975; x_wconf 83' lang='lat' dir='ltr'>(sie</span> <span class='ocrx_word' id='word_1_194' title='bbox 359 1921 448 1974; x_wconf 87' lang='lat' dir='ltr'>plerique</span> <span class='ocrx_word' id='word_1_195' title='bbox 463 1921 583 1962; x_wconf 80' lang='lat' dir='ltr'>recentiores</span> <span class='ocrx_word' id='word_1_196' title='bbox 596 1921 724 1973; x_wconf 82' lang='lat' dir='ltr'>interpretes)</span> <span class='ocrx_word' id='word_1_197' title='bbox 735 1922 768 1962; x_wconf 83' lang='lat' dir='ltr'>vei</span> 
     </span>
     <span class='ocr_line' id='line_1_25' title="bbox 86 1993 768 2050; baseline -0.004 -13"><span class='ocrx_word' id='word_1_198' title='bbox 86 1996 113 2038; x_wconf 86' lang='lat' dir='ltr'>ab</span> <span class='ocrx_word' id='word_1_199' title='bbox 126 1995 207 2037; x_wconf 85' lang='lat' dir='ltr'>Aehaso</span> <span class='ocrx_word' id='word_1_200' title='bbox 222 1996 290 2050; x_wconf 77' lang='lat' dir='ltr'>(Piso,</span> <span class='ocrx_word' id='word_1_201' title='bbox 306 1996 378 2047; x_wconf 72' lang='lat' dir='ltr'>dlass,</span> <span class='ocrx_word' id='word_1_202' title='bbox 391 1994 499 2047; x_wconf 76' lang='lat' dir='ltr'>Nttgelsb)</span> <span class='ocrx_word' id='word_1_203' title='bbox 514 1994 546 2035; x_wconf 84' lang='lat' dir='ltr'>vei</span> <span class='ocrx_word' id='word_1_204' title='bbox 560 1994 585 2035; x_wconf 90' lang='lat' dir='ltr'>ab</span> <span class='ocrx_word' id='word_1_205' title='bbox 599 1997 683 2046; x_wconf 84' lang='lat' dir='ltr'>utroque</span> <span class='ocrx_word' id='word_1_206' title='bbox 696 1993 768 2048; x_wconf 77' lang='lat' dir='ltr'>(Cleri-</span> 
     </span>
     <span class='ocr_line' id='line_1_26' title="bbox 87 2066 767 2122; baseline -0.003 -12"><span class='ocrx_word' id='word_1_207' title='bbox 87 2066 237 2122; x_wconf 59' lang='lat' dir='ltr'>eusysseilteer</span> <span class='ocrx_word' id='word_1_208' title='bbox 254 2080 290 2121; x_wconf 93' lang='lat' dir='ltr'>per</span> <span class='ocrx_word' id='word_1_209' title='bbox 308 2080 377 2121; x_wconf 82' lang='lat' dir='ltr'>regem</span> <span class='ocrx_word' id='word_1_210' title='bbox 390 2066 485 2120; x_wconf 83' lang='lat' dir='ltr'>Assyriae</span> <span class='ocrx_word' id='word_1_211' title='bbox 506 2066 590 2107; x_wconf 88' lang='lat' dir='ltr'>abradet</span> <span class='ocrx_word' id='word_1_212' title='bbox 611 2068 670 2119; x_wconf 83' lang='lat' dir='ltr'>eaput</span> <span class='ocrx_word' id='word_1_213' title='bbox 683 2069 702 2107; x_wconf 92' lang='lat' dir='ltr'>et</span> <span class='ocrx_word' id='word_1_214' title='bbox 715 2066 767 2120; x_wconf 88' lang='lat' dir='ltr'>pilos</span> 
     </span>
     <span class='ocr_line' id='line_1_27' title="bbox 86 2138 767 2195; baseline -0.006 -12"><span class='ocrx_word' id='word_1_215' title='bbox 86 2141 159 2195; x_wconf 91' lang='lat' dir='ltr'>pedum</span> <span class='ocrx_word' id='word_1_216' title='bbox 173 2143 193 2181; x_wconf 91' lang='lat' dir='ltr'>et</span> <span class='ocrx_word' id='word_1_217' title='bbox 206 2141 295 2193; x_wconf 88' lang='lat' dir='ltr'>barbam,</span> <span class='ocrx_word' id='word_1_218' title='bbox 310 2141 322 2181; x_wconf 89' lang='lat' dir='ltr'>i.</span> <span class='ocrx_word' id='word_1_219' title='bbox 334 2153 350 2181; x_wconf 91' lang='lat' dir='ltr'>e.</span> <span class='ocrx_word' id='word_1_220' title='bbox 364 2140 426 2191; x_wconf 83' lang='lat' dir='ltr'>tollet,</span> <span class='ocrx_word' id='word_1_221' title='bbox 441 2152 569 2192; x_wconf 84' lang='lat' dir='ltr'>quaeeunque</span> <span class='ocrx_word' id='word_1_222' title='bbox 585 2142 618 2180; x_wconf 88' lang='lat' dir='ltr'>aut</span> <span class='ocrx_word' id='word_1_223' title='bbox 631 2138 676 2179; x_wconf 79' lang='lat' dir='ltr'>risui</span> <span class='ocrx_word' id='word_1_224' title='bbox 690 2142 724 2180; x_wconf 91' lang='lat' dir='ltr'>aut</span> <span class='ocrx_word' id='word_1_225' title='bbox 737 2152 767 2180; x_wconf 89' lang='lat' dir='ltr'>or-</span> 
     </span>
     <span class='ocr_line' id='line_1_28' title="bbox 86 2208 768 2272; baseline -0.009 -16"><span class='ocrx_word' id='word_1_226' title='bbox 86 2219 179 2256; x_wconf 89' lang='lat' dir='ltr'>namento</span> <span class='ocrx_word' id='word_1_227' title='bbox 189 2217 239 2267; x_wconf 83' lang='lat' dir='ltr'>sunt,</span> <span class='ocrx_word' id='word_1_228' title='bbox 254 2213 320 2255; x_wconf 87' lang='lat' dir='ltr'>omnia</span> <span class='ocrx_word' id='word_1_229' title='bbox 329 2212 407 2266; x_wconf 89' lang='lat' dir='ltr'>penitus</span> <span class='ocrx_word' id='word_1_230' title='bbox 415 2212 507 2267; x_wconf 89' lang='lat' dir='ltr'>perdens.</span> <span class='ocrx_word' id='word_1_231' title='bbox 528 2212 626 2266; x_wconf 81' lang='lat' dir='ltr'>Enegesis</span> <span class='ocrx_word' id='word_1_232' title='bbox 634 2218 685 2265; x_wconf 67' lang='grc'><strong>111111</strong></span> <span class='ocrx_word' id='word_1_233' title='bbox 693 2208 732 2272; x_wconf 48' lang='lat' dir='ltr'>*pipp</span> <span class='ocrx_word' id='word_1_234' title='bbox 741 2221 768 2267; x_wconf 67' lang='lat' dir='ltr'>rap</span> 
     </span>
     <span class='ocr_line' id='line_1_29' title="bbox 86 2282 768 2336; baseline 0 -11"><span class='ocrx_word' id='word_1_235' title='bbox 86 2285 166 2325; x_wconf 91' lang='lat' dir='ltr'>minime</span> <span class='ocrx_word' id='word_1_236' title='bbox 183 2284 304 2336; x_wconf 87' lang='lat' dir='ltr'>interpolata</span> <span class='ocrx_word' id='word_1_237' title='bbox 322 2282 413 2323; x_wconf 88' lang='lat' dir='ltr'>duoenda</span> <span class='ocrx_word' id='word_1_238' title='bbox 431 2286 461 2322; x_wconf 90' lang='lat' dir='ltr'>est</span> <span class='ocrx_word' id='word_1_239' title='bbox 478 2294 543 2334; x_wconf 83' lang='lat' dir='ltr'>neque</span> <span class='ocrx_word' id='word_1_240' title='bbox 560 2283 603 2334; x_wconf 83' lang='lat' dir='ltr'>bio,</span> <span class='ocrx_word' id='word_1_241' title='bbox 620 2294 685 2333; x_wconf 88' lang='lat' dir='ltr'>neque</span> <span class='ocrx_word' id='word_1_242' title='bbox 703 2284 768 2333; x_wconf 77' lang='grc'><strong>111,</strong></span> 
     </span>
     <span class='ocr_line' id='line_1_30' title="bbox 87 2353 769 2410; baseline -0.003 -13"><span class='ocrx_word' id='word_1_243' title='bbox 87 2369 151 2409; x_wconf 89' lang='lat' dir='ltr'>neque</span> <span class='ocrx_word' id='word_1_244' title='bbox 165 2355 222 2410; x_wconf 79' lang='lat' dir='ltr'>vm,</span> <span class='ocrx_word' id='word_1_245' title='bbox 236 2355 254 2398; x_wconf 74' lang='lat'>7.</span> <span class='ocrx_word' id='word_1_246' title='bbox 282 2354 307 2395; x_wconf 90' lang='grc'>11</span> <span class='ocrx_word' id='word_1_247' title='bbox 324 2354 376 2395; x_wconf 94' lang='lat' dir='ltr'>enim</span> <span class='ocrx_word' id='word_1_248' title='bbox 394 2353 480 2395; x_wconf 79' lang='lat' dir='ltr'>manime</span> <span class='ocrx_word' id='word_1_249' title='bbox 498 2353 568 2405; x_wconf 81' lang='lat' dir='ltr'>refert,</span> <span class='ocrx_word' id='word_1_250' title='bbox 589 2366 626 2408; x_wconf 90' lang='lat' dir='ltr'>per</span> <span class='ocrx_word' id='word_1_251' title='bbox 645 2366 690 2395; x_wconf 89' lang='lat' dir='ltr'>eum</span> <span class='ocrx_word' id='word_1_252' title='bbox 703 2353 769 2408; x_wconf 91' lang='lat' dir='ltr'>ipsum</span> 
     </span>
     <span class='ocr_line' id='line_1_31' title="bbox 86 2425 769 2481; baseline -0.001 -12"><span class='ocrx_word' id='word_1_253' title='bbox 86 2442 161 2481; x_wconf 80' lang='lat' dir='ltr'>regem,</span> <span class='ocrx_word' id='word_1_254' title='bbox 176 2441 214 2480; x_wconf 80' lang='lat' dir='ltr'>quo</span> <span class='ocrx_word' id='word_1_255' title='bbox 228 2428 314 2469; x_wconf 87' lang='lat' dir='ltr'>oonfisus</span> <span class='ocrx_word' id='word_1_256' title='bbox 324 2432 372 2480; x_wconf 86' lang='lat' dir='ltr'>erat,</span> <span class='ocrx_word' id='word_1_257' title='bbox 387 2428 486 2468; x_wconf 88' lang='lat' dir='ltr'>thasum</span> <span class='ocrx_word' id='word_1_258' title='bbox 501 2426 592 2480; x_wconf 89' lang='lat' dir='ltr'>opprimi.</span> <span class='ocrx_word' id='word_1_259' title='bbox 620 2425 696 2475; x_wconf 71' lang='lat' dir='ltr'>Quibus</span> <span class='ocrx_word' id='word_1_260' title='bbox 709 2428 769 2468; x_wconf 87' lang='lat' dir='ltr'>rebus</span> 
     </span>
     <span class='ocr_line' id='line_1_32' title="bbox 87 2499 768 2554; baseline -0.001 -12"><span class='ocrx_word' id='word_1_261' title='bbox 87 2502 126 2551; x_wconf 84' lang='lat' dir='ltr'>fiet,</span> <span class='ocrx_word' id='word_1_262' title='bbox 140 2505 162 2541; x_wconf 91' lang='lat' dir='ltr'>ut</span> <span class='ocrx_word' id='word_1_263' title='bbox 175 2500 214 2553; x_wconf 85' lang='lat' dir='ltr'>vir,</span> <span class='ocrx_word' id='word_1_264' title='bbox 229 2514 349 2554; x_wconf 85' lang='lat' dir='ltr'>quamquam</span> <span class='ocrx_word' id='word_1_265' title='bbox 363 2501 429 2554; x_wconf 73' lang='lat' dir='ltr'>dives,</span> <span class='ocrx_word' id='word_1_266' title='bbox 443 2514 503 2541; x_wconf 89' lang='lat' dir='ltr'>unam</span> <span class='ocrx_word' id='word_1_267' title='bbox 517 2500 609 2540; x_wconf 77' lang='lat' dir='ltr'>bubulam</span> <span class='ocrx_word' id='word_1_268' title='bbox 623 2503 643 2540; x_wconf 86' lang='lat' dir='ltr'>et</span> <span class='ocrx_word' id='word_1_269' title='bbox 657 2499 706 2540; x_wconf 88' lang='lat' dir='ltr'>duas</span> <span class='ocrx_word' id='word_1_270' title='bbox 721 2513 768 2541; x_wconf 89' lang='lat' dir='ltr'>oves</span> 
     </span>
     <span class='ocr_line' id='line_1_33' title="bbox 89 2564 768 2629; baseline -0.003 -13"><span class='ocrx_word' id='word_1_271' title='bbox 89 2564 132 2629; x_wconf 80' lang='lat' dir='ltr'>[vei</span> <span class='ocrx_word' id='word_1_272' title='bbox 147 2574 228 2627; x_wconf 84' lang='lat' dir='ltr'>oapras)</span> <span class='ocrx_word' id='word_1_273' title='bbox 243 2575 289 2616; x_wconf 89' lang='lat' dir='ltr'>alat.</span> <span class='ocrx_word' id='word_1_274' title='bbox 318 2575 410 2616; x_wconf 84' lang='lat' dir='ltr'>Attamen</span> <span class='ocrx_word' id='word_1_275' title='bbox 424 2578 505 2627; x_wconf 90' lang='lat' dir='ltr'>propter</span> <span class='ocrx_word' id='word_1_276' title='bbox 518 2573 618 2615; x_wconf 88' lang='lat' dir='ltr'>uberrima</span> <span class='ocrx_word' id='word_1_277' title='bbox 630 2585 712 2626; x_wconf 84' lang='lat' dir='ltr'>pasena,</span> <span class='ocrx_word' id='word_1_278' title='bbox 727 2573 768 2625; x_wconf 90' lang='lat' dir='ltr'>qui-</span> 
     </span>
     <span class='ocr_line' id='line_1_34' title="bbox 88 2645 769 2700; baseline -0.004 -11"><span class='ocrx_word' id='word_1_279' title='bbox 88 2649 125 2689; x_wconf 88' lang='lat' dir='ltr'>bus</span> <span class='ocrx_word' id='word_1_280' title='bbox 139 2651 192 2688; x_wconf 89' lang='lat' dir='ltr'>terra</span> <span class='ocrx_word' id='word_1_281' title='bbox 205 2646 313 2687; x_wconf 76' lang='lat' dir='ltr'>cultoribus</span> <span class='ocrx_word' id='word_1_282' title='bbox 328 2659 390 2700; x_wconf 80' lang='lat' dir='ltr'>egens</span> <span class='ocrx_word' id='word_1_283' title='bbox 405 2645 520 2699; x_wconf 78' lang='lat' dir='ltr'>abundabit,</span> <span class='ocrx_word' id='word_1_284' title='bbox 535 2658 612 2699; x_wconf 85' lang='lat' dir='ltr'>paneae</span> <span class='ocrx_word' id='word_1_285' title='bbox 626 2645 713 2699; x_wconf 90' lang='lat' dir='ltr'>peondes</span> <span class='ocrx_word' id='word_1_286' title='bbox 726 2646 769 2700; x_wconf 92' lang='lat' dir='ltr'>plu-</span> 
     </span>
    </p>
   </div>
   <div class='ocr_carea' id='block_1_11' title="bbox 88 2719 769 2774">
    <p class='ocr_par' dir='ltr' id='par_1_11' title="bbox 88 2719 769 2774">
     <span class='ocr_line' id='line_1_35' title="bbox 88 2719 769 2774; baseline -0.004 -11"><span class='ocrx_word' id='word_1_287' title='bbox 88 2721 158 2764; x_wconf 91' lang='lat' dir='ltr'>rimum</span> <span class='ocrx_word' id='word_1_288' title='bbox 166 2720 224 2763; x_wconf 87' lang='lat' dir='ltr'>laetis</span> <span class='ocrx_word' id='word_1_289' title='bbox 235 2724 254 2763; x_wconf 90' lang='lat' dir='ltr'>et</span> <span class='ocrx_word' id='word_1_290' title='bbox 262 2720 328 2774; x_wconf 79' lang='lat' dir='ltr'>butyri</span> <span class='ocrx_word' id='word_1_291' title='bbox 336 2720 426 2773; x_wconf 88' lang='lat' dir='ltr'>reddent,</span> <span class='ocrx_word' id='word_1_292' title='bbox 440 2732 507 2773; x_wconf 76' lang='lat' dir='ltr'>durare,</span> <span class='ocrx_word' id='word_1_293' title='bbox 522 2719 555 2773; x_wconf 87' lang='lat' dir='ltr'>qui</span> <span class='ocrx_word' id='word_1_294' title='bbox 566 2719 630 2762; x_wconf 89' lang='lat' dir='ltr'>reiieti</span> <span class='ocrx_word' id='word_1_295' title='bbox 639 2723 695 2762; x_wconf 90' lang='lat' dir='ltr'>erunt</span> <span class='ocrx_word' id='word_1_296' title='bbox 703 2719 769 2774; x_wconf 59' lang='lat' dir='ltr'>pauci,</span> 
     </span>
    </p>
   </div>
   <div class='ocr_carea' id='block_1_12' title="bbox 0 0 966 3075">
    <p class='ocr_par' dir='ltr' id='par_1_12' title="bbox 0 0 966 3075">
     <span class='ocr_line' id='line_1_36' title="bbox 0 0 966 3075; baseline 0 0"><span class='ocrx_word' id='word_1_297' title='bbox 0 0 966 3075; x_wconf 95' lang='lat' dir='ltr'> </span> 
     </span>
    </p>
   </div>
  </div>
 </body>
</html>
