1941 3075
394 147 564 204 448-

164 291 226 345 pheta
239 291 305 335 statim
320 293 432 346 minabitur,
446 293 478 335 his
489 293 556 343 verbis
570 292 661 335 annuitur
676 296 695 335 et
708 281 843 337 introducitur.

164 365 224 406 Haud
237 366 317 419 ignorat
330 368 434 420 propheta,
449 367 548 408 Achasum
562 367 627 420 magis
640 366 739 409 confidere
753 380 800 420 rege
808 370 844 409 As·
900 415 902 417 ,

158 436 237 491 syriae,
252 439 308 493 cujus
322 438 417 479 arixilium
430 438 570 492 imploraturus
583 439 667 492 erattcf.
678 438 747 492 2Reg.
753 438 807 494 XVI,
816 439 843 494 7),
855 429 856 434 ¹
921 450 922 453 ’
966 458 967 463 ’

166 522 225 563 quam
239 511 289 554 Deo.
303 511 438 564 Quamobrem
452 511 546 553 minando
559 511 662 566 praedicit,
676 511 715 553 nisi
729 512 771 553 Deo
785 511 845 554 fidem
867 550 869 554 ,

166 583 273 636 haberent,
293 598 318 627 ne
332 584 420 625 Judaeos
435 585 514 636 quidem
528 597 668 638 permansuros
683 585 718 626 sed
731 580 845 626 interituros
919 581 925 587 ”

166 656 248 710 perinde
262 662 321 712 atque
336 655 477 710 Ephraimitas.
497 657 528 699 En
541 657 680 712 gravissimum
695 658 790 700 historiae
803 672 845 700 mo-

166 734 265 783 mentum,
287 742 325 784 quo
348 730 414 782 gentis
429 730 523 783 judaicae
546 743 589 771 sors
611 730 632 771 in
652 730 758 772 discrimen
779 731 844 772 datur!

166 803 257 845 thasus
271 816 318 846 vero
332 803 413 856 respicit
426 815 450 844 ea
464 816 515 856 quae
525 804 562 845 sub
576 803 677 845 oculorum
690 805 762 846 eadunt
776 805 844 855 aciem,

166 877 256 918 Jehovae
271 876 345 918 auxilio
360 876 443 917 diffisus.
476 877 532 917 Tunc
545 877 677 918 haesitantem
692 881 711 917 et
724 878 846 920 incredulum

166 949 266 991 Aehasum
274 949 352 991 Jehova
362 962 398 1002 per
412 949 529 1003 prophetam
537 950 616 1003 signum
624 962 707 1003 poscere
717 951 772 1004 jubet
782 953 845 1005 (ato,

168 1024 207 1074 tl),
221 1023 351 1074 undecunque
363 1027 431 1074 petere
451 1023 520 1073 vellet,
543 1023 584 1064 sire
606 1022 631 1063 ab
645 1023 727 1065 infernis
744 1022 811 1086 (atqup
826 1026 859 1066 in¹
928 1044 930 1047 ·
955 1013 956 1016 Ἴ

169 1107 234 1148 pausa
248 1107 283 1148 pro
305 1090 364 1132 abaci
378 1093 403 1134 cf.
417 1093 459 1133 Eur.
474 1096 485 1146 ἕ
500 1093 525 1136 93
539 1107 556 1134 a.
571 1094 583 1135 3
601 1097 620 1133 et
633 1094 742 1149 Delitzsclr)
764 1096 807 1137 sive
821 1097 846 1136 ab
919 1133 921 1135 ,
956 1087 970 1129 Ῑῖ

168 1169 259 1210 excelsis.
288 1168 354 1220 „Nihil
368 1168 463 1209 describit
476 1169 593 1221 propheta“,
612 1170 640 1209 ait
653 1170 755 1223 Vitringa,
776 1171 847 1222 „nullis

168 1242 224 1283 illum
237 1242 321 1283 includit
336 1242 440 1293 augustiis.
461 1241 558 1295 Ostendit,
571 1245 633 1282 totam
647 1242 699 1283 hane
712 1246 803 1283 naturam
817 1255 847 1283 re·
915 1258 916 1261 ¹

167 1327 210 1355 rum
225 1314 304 1356 divinae
318 1315 419 1368 potentiae
433 1318 452 1355 et
466 1314 604 1368 providentiae
623 1315 652 1356 sic
673 1327 717 1356 esse
731 1316 847 1368 subjectam,

167 1390 188 1427 ut
202 1387 265 1428 omnis
279 1387 300 1427 in
314 1399 338 1427 ea
351 1390 415 1427 motus
429 1387 455 1427 ad
470 1387 513 1439 ejus
531 1392 598 1428 nutum
613 1392 632 1428 et
645 1388 749 1440 imperium
762 1400 847 1441 peraga-

168 1461 217 1500 tur.“
244 1459 290 1500 Tali
304 1460 409 1502 verborum
427 1459 588 1513 propheticorum
601 1460 702 1513 majestati
721 1464 740 1502 et
753 1460 848 1513 gravitati

168 1535 290 1586 quantopere
304 1532 435 1579 adversantur
450 1532 562 1585 aequalium
576 1536 688 1575 nostrorum
701 1533 778 1587 nugae!
799 1534 847 1575 Pro·

168 1606 235 1659 pheta,
249 1606 313 1657 inquit
326 1604 400 1658 Hitzig,
414 1604 525 1658 periculose
538 1619 579 1647 rem
594 1605 628 1646 dat
639 1606 658 1646 in
673 1606 744 1658 aleam,
758 1606 775 1647 si
783 1606 847 1647 Acha-

169 1690 202 1719 sus
215 1678 293 1732 signum
307 1676 404 1732 petiisset,
419 1691 431 1718 a
444 1677 522 1719 Jehora
535 1678 568 1720 ille
582 1678 688 1720 derelictus
702 1681 760 1720 esset.
787 1677 849 1720 lleier
918 1731 920 1734 7
946 1670 948 1672 ³

168 1751 226 1792 nobis
247 1750 369 1805 persuadere
391 1754 481 1802 conatur,
505 1752 616 1804 prophetae
641 1751 721 1792 minime
740 1751 761 1791 in
782 1751 848 1791 animo

169 1824 230 1867 fuisse
244 1825 322 1878 signum
343 1823 424 1877 aliquod
439 1823 511 1865 facere.
539 1825 603 1878 Atque
618 1825 677 1866 etiam
690 1823 769 1866 Knobel
789 1836 848 1877 quae-

113 1916 115 1919 *
169 1913 224 1947 rens,
245 1898 339 1949 quidnam
352 1898 451 1949 propheta
464 1898 552 1938 facturus
565 1898 644 1948 fuisset,
662 1898 778 1949 respondet:
801 1897 849 1949 Ver·

169 1971 264 2014 muthlich
279 1971 323 2012 eine
337 1969 429 2011 einfaehe
442 1969 508 2011 Sache
528 1970 566 2011 wie
583 1973 645 2012 sonst.
673 1968 773 2022 Numquid
787 1967 849 2010 critici

169 2046 198 2085 illi
211 2048 311 2095 metuunt,
325 2055 350 2083 ne
364 2043 452 2095 signum,
472 2042 524 2094 quod
538 2056 556 2084 r.
572 2043 597 2084 14
609 2043 739 2095 praedicitur,
762 2041 849 2094 alioquin

170 2117 240 2159 eodem
253 2117 313 2158 modo
327 2114 430 2163 mirificum
445 2127 489 2156 esse
504 2115 609 2168 oporteat?
632 2100 633 2103 Ἴ

221 2190 313 2231 Achasus
334 2188 413 2241 quidem
431 2188 510 2240 signum
527 2191 615 2241 recusat,
637 2188 759 2241 hypocrisim
780 2188 849 2229 velans

170 2263 215 2315 lege
229 2263 265 2304 illa
278 2262 336 2304 Deut.
350 2262 383 2314 VI,
399 2262 433 2304 lb:
446 2260 492 2301 Non
506 2260 607 2301 tentabitis
621 2260 725 2312 Jehovam,
739 2261 803 2301 Deum
817 2274 849 2301 ve-

170 2339 237 2376 strum.
258 2335 358 2389 Propheta
370 2347 417 2376 vero
431 2334 461 2374 ira
474 2346 569 2375 aecensus
584 2333 694 2374 exclamat:
710 2332 781 2374 Audite
795 2346 849 2387 ergo,
928 2367 929 2370 ,
959 2348 961 2370 ;

171 2407 240 2449 domus
255 2407 349 2450 Davidis:
368 2406 463 2459 numquid
477 2418 547 2459 parum
561 2404 618 2446 vobis
633 2410 672 2457 est,
693 2405 804 2459 defatigare
814 2407 849 2447 ho·
921 2395 923 2398 ’

170 2479 306 2522 mines—ie.
320 2480 435 2534 prophetas,
450 2485 471 2520 ut
483 2481 537 2520 recte
552 2477 850 2532 explicatOhaldaeus-quod

170 2554 235 2594 Deum
249 2565 327 2606 quoque
340 2566 406 2594 meum
420 2551 550 2605 defatigatis?
569 2551 613 2600 Qua
625 2551 646 2592 in
659 2564 680 2592 re
694 2555 713 2593 te
726 2565 766 2593 non
780 2551 850 2604 fugiat,

170 2626 288 2679 prophetam
303 2629 362 2667 antea
375 2625 478 2666 dumtaxat
492 2636 536 2664 cum
544 2623 623 2664 Aehaso
637 2625 723 2665 locutum
738 2624 769 2664 bis
784 2623 850 2664 verbis
914 2641 916 2648 ·

170 2702 233 2741 totam
250 2698 333 2740 Davidis
352 2697 431 2740 domum
454 2696 580 2751 compellare.
609 2696 667 2747 Quod
684 2696 783 2752 propheta
806 2695 850 2750 regi
