1912 3075
358 209 499 258 ¹-25-

41 377 42 381 ,
93 337 221 391 Assyriorum
238 342 291 380 terra
310 339 348 380 orti
365 340 385 380 iu
404 334 468 381 vicem
482 328 772 392 Assyriorumsuccesserant.

93 410 119 452 At
133 411 224 464 equidem
237 424 276 453 uon
291 412 431 465 dubitaverim,
447 412 494 465 quin
507 412 614 466 propheta,
633 413 720 466 quitum
740 413 774 467 api

93 483 189 537 Assyriae
203 476 292 526 muscam
306 485 394 538 Aegypti
408 485 530 539 snbjungens
547 487 573 537 (v.
588 486 683 539 18),1111
698 488 724 539 [v.
739 486 773 539 20)

93 557 197 610 Assyriam
224 557 288 599 sclam
315 570 482 608 commemorans,
514 559 574 601 etiam
601 571 669 601 omnes
690 563 773 612 gentes:

93 636 135 689 yjp
148 635 211 689 *papan
223 627 248 670 s:
261 630 322 683 (Vlll,
338 630 358 683 9)
373 630 489 672 lmmanucli
507 631 599 685 opponit,
619 645 659 674 non
675 636 716 673 tam
735 616 776 673 sin?

75 707 77 710 ’
95 701 143 756 gula
157 714 220 755 regna
233 705 315 756 spectet,
330 714 389 755 qrram
404 701 483 744 omniuo
491 707 561 755 gentes
575 702 664 756 hostiles,
678 716 714 757 per
725 716 774 756 qrras

95 774 193 814 Dominus
204 775 300 827 judicium
308 778 436 815 exsecutruus
444 776 475 814 sit.
489 774 599 826 Quomodo,
614 789 694 826 quaeso,
709 776 774 816 auimo

95 845 193 899 fingemus
207 850 227 887 et
240 846 382 900 cogitabimus,
402 846 506 900 Assyriam
521 851 540 888 ct
553 848 680 901 Aegyptum,
698 859 775 901 semper

15 1029 16 1033 ,
94 991 147 1033 nium
162 992 256 1033 afferant!
276 993 328 1033 Nam
343 992 396 1044 quod
410 992 499 1034 nonnulli
513 998 600 1045 censent,
614 994 664 1047 lore,
678 999 699 1035 ut
713 996 774 1047 Assy-

94 1064 158 1104 riaet
171 1064 277 1117 Aegyptus
291 1064 365 1104 bellum
379 1065 430 1104 inter
444 1078 466 1105 se
480 1070 571 1118 gerentes
585 1066 605 1106 in
619 1070 692 1106 terram
701 1066 775 1106 Judae-

94 1140 281 1188 111111111111111,
297 1140 327 1177 est
340 1137 383 1177 sine
392 1141 445 1178 certo
453 1137 588 1188 fundamento,
603 1139 656 1189 quod
665 1138 774 1190 videamus,

95 1212 114 1249 et
128 1207 187 1249 nimis
202 1221 214 1249 a
228 1209 294 1249 verbis
307 1212 372 1249 textus
386 1209 478 1250 alienum.
494 1209 542 1250 Oum
556 1211 698 1262 locoSach.X,
713 1211 738 1252 lO
746 1222 774 1262 sq.

94 1283 140 1334 post
154 1280 236 1322 exilium
250 1281 324 1335 scripto
332 1281 416 1335 Assyria
430 1285 449 1324 ct
458 1282 562 1337 Aegyptus
577 1287 659 1337 exstent,
674 1287 775 1336 tamquam

94 1352 138 1407 typi
151 1354 239 1406 gentium
253 1355 327 1406 mundi,
341 1358 410 1395 nostro
424 1355 468 1396 loco
482 1357 543 1397 multo
557 1357 629 1410 magis,
643 1369 694 1410 quae
705 1360 775 1410 gentes

94 1426 174 1468 Jesaiae
188 1431 277 1481 tempore
291 1415 441 1482 potentissimae
460 1433 525 1481 erant,
546 1430 613 1483 speeie
629 1443 741 1471 muscarum
756 1433 776 1470 et

95 1499 161 1553 apium
184 1504 333 1553 representatae
356 1513 392 1541 ceu
412 1501 454 1554 typi
475 1502 554 1543 hostilis
575 1504 643 1544 mundi
660 1503 775 1544 necessario

95 1572 158 1613 oculis
172 1573 282 1626 prophetae
297 1573 421 1626 objiciuntur.
446 1574 498 1624 uuio
511 1575 571 1628 igitur
585 1579 661 1628 mirum,
676 1576 729 1628 quod
742 1575 775 1616 Je-

17 1680 19 1683 .
56 1630 61 1640 “
95 1645 149 1684 saias
163 1645 214 1685 inter
228 1645 295 1685 hostes
308 1645 434 1686 imminentes
447 1647 572 1698 potissimum
587 1649 711 1701 (neutiquam
721 1649 775 1688 solos

95 1715 120 1757 cl.
134 1716 188 1768 Vlll,
203 1716 223 1769 9)
237 1716 332 1770 Assyrios
346 1716 423 1758 vocat?
445 1717 532 1771 Accedit,
549 1719 602 1771 quod
616 1719 649 1772 qui
661 1718 776 1760 vaticinium

94 1789 197 1842 impletum
215 1794 299 1843 negant,
320 1790 359 1844 ipsi
372 1789 393 1831 τὸ
407 1789 512 1850 1111111111
534 1795 564 1832 ter
577 1792 717 1847 interpolatum
732 1805 776 1834 esse

95 1863 170 1914 putant.
190 1860 239 1902 Utut
251 1864 317 1902 antem
331 1875 363 1903 res
378 1862 484 1917 sehabet,
502 1864 572 1905 sinon
586 1863 643 1905 litera
657 1867 676 1906 et
690 1863 775 1916 nomine,

95 1947 116 1974 rc
134 1937 200 1986 tamen
217 1938 237 1975 et
254 1935 337 1975 materia
350 1935 465 1977 vaticinium
482 1938 584 1990 impletum
602 1941 638 1978 est.
656 1938 687 1978 Ex
701 1936 776 1978 Aehasi

95 2011 184 2059 tempore
196 2006 268 2048 Judaei
283 2020 295 2048 a
310 2009 378 2060 regnis
393 2009 476 2051 ethnicis
490 2011 581 2063 oppressi
596 2015 648 2062 sunt,
664 2010 727 2050 donee
741 2022 775 2049 an-

95 2079 166 2132 gustiis
186 2082 297 2132 temporum
315 2093 426 2134 permagna
447 2087 535 2135 egestate
560 2083 645 2124 afflictus
666 2082 776 2123 immanuel

95 2151 206 2206 promissus
221 2151 307 2193 advenit¹
334 2153 404 2207 ltaque
421 2155 459 2196 hoc
474 2160 570 2197 commate
588 2158 627 2209 (vv.
643 2155 727 2207 le-as)
743 2168 775 2196 cx-

72 2247 74 2250 >
95 2225 187 2279 plicatur,
198 2225 231 2278 qui
244 2225 285 2278 fiat,
299 2230 320 2267 ut
329 2226 439 2268 immanuel
452 2229 573 2282 temporibus
588 2228 677 2270 ertremis
690 2228 776 2269 nascitu-

95 2310 129 2339 rus
143 2298 195 2339 lacte
209 2302 228 2340 et
241 2299 300 2340 melle
314 2303 411 2341 vescatur.

148 2370 188 2410 Sed
201 2382 226 2410 ne
240 2371 315 2423 multis,
335 2372 466 2424 procedamus
480 2372 506 2412 ad
520 2375 579 2425 caput
591 2372 650 2424 Vlll,
664 2373 684 2413 in
699 2385 737 2425 quo
751 2373 776 2414 de

97 2441 167 2483 eadem
181 2441 223 2483 fere
237 2444 321 2484 materia
335 2444 434 2497 propheta
447 2444 531 2485 disserit.
553 2445 597 2486 Hoc
610 2445 717 2498 praecipue
731 2446 775 2486 loco

96 2513 178 2567 patebit,
193 2515 311 2568 prophetam
325 2517 404 2558 minime
418 2517 546 2558 immanuelis
560 2521 623 2558 ortum
637 2522 683 2559 ante
692 2518 776 2571 Ephrai-

96 2587 154 2628 mitas
169 2590 188 2627 et
201 2587 263 2640 Syros
277 2588 366 2630 devictos
381 2574 505 2643 exspectare
532 2590 659 2643 Quantopere
673 2592 725 2633 enim
739 2592 775 2632 dif-

97 2659 135 2701 fert
148 2659 166 2700 is
179 2672 237 2713 puer,
258 2659 283 2701 de
297 2673 336 2713 quo
353 2662 448 2704 hocloco
463 2653 538 2716 agitur,
561 2663 586 2704 ab
600 2663 721 2706 lmmanuclc
734 2665 775 2706 illo.

96 2733 176 2775 Jesaias
189 2733 278 2774 tabulam
292 2746 369 2776 sumere
380 2736 466 2790 jubetur,
480 2735 500 2777 in¹
515 2748 554 2788 qvia
566 2737 672 2791 perspicuo
686 2738 776 2781 omnibus
