1941 3075
384 114 500 159 -5-'

18 247 20 257 '
103 250 140 303 p'ro
154 254 207 288 uuus
221 249 316 304 seriptum
323 261 368 291 esse
377 253 469 304 putemus
484 247 585 302 (Ragando
594 245 711 300 Semitioal,
725 259 745 301 p.
753 246 785 298 13,

103 322 155 362 Abn
171 321 431 374 der'lronigl.Gesellsohatt
445 321 480 361 der
487 315 633 360 Wissensehutt
647 319 786 371 nuGottingen

105 394 172 446 1878),
181 394 292 448 propositio
302 391 327 444 ¹223
335 394 437 435 obstat—
453 393 520 434 Hoooe
530 391 609 444 quidem
617 391 685 432 nuntio
696 391 787 432 thasus

106 470 189 523 ejusque
207 470 292 523 populus
308 468 435 510 vehementer
457 471 610 510 oommouentur.
637 467 717 527 Jesaias
739 481 786 510 vero

105 543 148 595 regi
162 542 241 583 obviam
255 542 284 581 ire
298 541 323 581 ab
332 540 409 581 Jelroua
420 540 501 594 jubetur
515 553 558 580 oum
572 539 613 580 filio
622 539 787 593 Sohearpnsohub.

105 614 149 657 Hoo
162 627 234 657 nomen
249 614 358 657 ominosum
372 613 427 656 brevi
445 613 502 666 quasi
516 612 634 667 compendio
648 612 729 655 Jesniue
743 625 787 667 pro-

21 728 23 733 ,
105 688 193 743 photium
215 687 248 739 (of.
263 687 359 742 imprimis
372 687 406 739 VI,
421 687 503 729 11-13.
517 687 548 741 X,
565 688 596 737 21,
611 687 644 739 22]
661 686 788 740 eomprehen-

27 796 30 805 ,
106 761 140 815 dit,
150 774 211 814 quare
219 760 315 802 Dominus
328 760 438 814 prophetae
452 760 538 810 maudut,
552 762 574 801 ut
587 760 639 801 huno
653 759 714 802 filiurn
722 773 789 801 seeum

30 857 32 859 -
57 896 59 898 ι
107 838 161 886 agat.
188 835 331 887 Argumentum
351 833 440 874 vaticinii
460 833 486 874 nd
506 845 574 885 regem
596 832 719 888 incredulum
742 832 790 873 editi

107 920 150 948 ouum
168 911 246 948 nomine
260 905 313 947 illius
332 905 367 946 filii
382 918 490 959 oongruum
504 918 560 958 esse,
583 908 637 946 reete
651 904 791 946 animaduertit

23 971 24 975 ¹
107 979 208 1021 Hotmann
222 979 304 1033 (Weiss.
318 978 359 1019 und
372 978 413 1019 urf.
431 979 447 1019 l.
461 978 514 1032 218).
541 978 649 1028 Faventem
663 991 731 1031 regem
745 991 790 1032 pro·

107 1053 168 1107 pheta
186 1052 263 1105 erigere
280 1051 300 1093 et
320 1051 419 1093 oonsolari
434 1051 520 1104 jubetur.
548 1051 606 1100 Qurud
624 1051 650 1093 ad
668 1050 790 1104 insequentis

107 1123 184 1178 periodi
206 1127 323 1164 structuram
342 1123 419 1176 attinet,
441 1122 516 1164 verbis:
539 1122 581 1183 *gip
595 1121 677 1182 nuptm
696 1122 791 1183 aposlosis

108 1199 200 1242 affertur:
215 1199 329 1251 Propterea,
344 1197 397 1249 quod
412 1197 472 1250 Syria
487 1201 506 1238 et
520 1197 588 1239 decem
602 1197 665 1238 tribus
679 1199 731 1239 male
746 1210 791 1239 oon-

107 1276 139 1313 tra
152 1275 172 1312 te
186 1270 324 1313 maehinantur
334 1295 359 1299 —
371 1269 400 1310 sio
408 1269 505 1310 Dominus
518 1269 615 1321 loquitur:
636 1270 682 1311 Non
695 1270 729 1311 fiet
742 1269 792 1311 illud

108 1344 218 1388 eonsilium.
245 1344 311 1397 Reges
325 1342 424 1396 oonjuneti
438 1341 536 1384 Judaeum
551 1345 624 1383 terrere
640 1346 659 1383 et
677 1355 793 1397 expugnare

110 1418 176 1459 eonati
189 1421 243 1468 sunt,
264 1420 285 1457 ut
298 1429 366 1469 regem
379 1415 462 1456 ludaeis
477 1415 617 1456 eonstituerent
630 1415 691 1457 filium
700 1416 794 1457 Tabeelis

112 1487 175 1551 (513ξὲ
193 1491 213 1531 in
227 1503 292 1543 pausa
305 1502 341 1543 pro
355 1486 410 1548 blla?
428 1487 453 1529 of.
467 1488 518 1529 Esra
532 1488 565 1541 IV,
579 1487 592 1531 Ὺ
612 1491 632 1530 et
646 1488 702 1530 Olsh.
716 1491 728 1540 ξ
742 1488 768 1532 {ll
782 1488 795 1529 d

31 1575 33 1580 “
111 1565 182 1609 etant
196 1566 224 1618 h.)
246 1566 303 1606 Hune
316 1563 427 1618 putaverim
440 1563 539 1605 neminem
553 1564 614 1604 alium
631 1564 693 1606 fuisse
706 1564 744 1606 nisi
757 1565 795 1605 lte-
870 1570 871 1573 ’

111 1640 182 1690 ninum,
197 1643 237 1679 tum
252 1638 299 1690 quia
312 1637 401 1690 ignotum
415 1635 514 1688 quendam
528 1636 628 1678 hominem
646 1649 714 1690 regem
729 1637 795 1690 desig-

111 1716 179 1753 natum
193 1723 237 1753 esse
251 1709 330 1751 minime
345 1709 449 1763 probabile
462 1708 549 1757 videtur,
569 1701 610 1750 turn
624 1709 679 1762 quia,
697 1709 751 1762 quod
764 1722 795 1751 se-

112 1785 187 1838 quitur,
209 1797 232 1825 eo
246 1783 306 1825 modo
320 1782 393 1824 reotius
407 1794 420 1823 a
433 1781 491 1823 nobis
504 1781 589 1835 intelligi
603 1785 674 1835 potest.
703 1782 739 1824 Oui
753 1782 795 1836 opi·

112 1857 167 1897 nioni
180 1855 240 1896 fidem
253 1855 308 1907 fauit,
323 1854 457 1906 quodTaheel
471 1866 543 1894 nomen
557 1854 657 1906 syriaoum
666 1858 696 1895 est
710 1858 729 1895 et
742 1855 796 1895 idem

112 1929 171 1981 valet,
186 1928 238 1981 quod
252 1926 387 1968 Tabrimmon.
402 1926 493 1967 Rimmon
508 1925 560 1967 enim
574 1925 675 1978 signifieat
689 1927 750 1967 altum
764 1927 796 1968 vel

112 2001 212 2043 enoelsnm
227 2001 291 2042 Deum
306 2000 340 2054 (of.
355 2000 375 2041 II
388 2000 439 2053 Reg.
450 2000 473 2050 V,
491 1999 524 2051 18)
539 2002 558 2039 et
572 1999 633 2051 Syros
647 2012 696 2041 vooe
710 1998 736 2053 bgt
749 2012 796 2041 usos

113 2090 166 2129 esse,
188 2079 273 2131 apparet
286 2090 311 2118 en
324 2075 403 2117 nomine
424 2071 480 2135 ‘supp
508 2074 563 2115 Siout
576 2061 687 2116 Benlndad
701 2079 731 2117 est
743 2075 796 2117 lilius

112 2146 270 2198 Tnbrimmonis,
285 2145 313 2186 ita
326 2145 411 2186 Reninus
426 2143 578 2185 tiliusTabeelis
592 2143 640 2183 mihi
654 2144 732 2185 uidetur
746 2158 797 2188 esse.

104 2218 172 2271 Quid,
187 2219 240 2271 quod
250 2217 376 2271 Assyriologi
390 2216 410 2256 in
424 2216 497 2257 tabulis
509 2216 578 2257 domus
585 2215 748 2269 Tiglatpilesaris
762 2230 797 2259 no-

31 2296 33 2298 ’
113 2291 168 2332 mina
187 2295 206 2333 et
223 2290 292 2332 Renini
311 2294 330 2332 et
347 2289 440 2331 Taheelis
463 2287 543 2342 (tibiilu
560 2290 602 2328 mat
620 2290 697 2342 arrrmu)
716 2289 797 2332 invene·

113 2367 158 2405 ruunt
166 2364 199 2414 (of.
207 2364 312 2413 Sohrader,
320 2363 344 2406 K
351 2376 371 2403 u.
378 2363 402 2403 A.
407 2362 430 2402 Τ.
439 2362 459 2404 S.
468 2363 520 2414 118).
533 2362 602 2413 ltaque
610 2357 698 2420 kunnu?
705 2362 757 2415 (vu)
766 2375 798 2404 re-

52 2438 53 2446 *
114 2432 199 2487 spondet
213 2436 241 2487 τῷ
253 2429 364 2492 ηηῄτςγῑξ
375 2431 435 2483 (ub).
450 2430 526 2479 Quibus
533 2430 640 2482 ooneessis,
649 2430 719 2482 eluoet,
727 2443 766 2483 qua
773 2431 798 2472 de

93 2522 95 2524 ’
114 2518 175 2548 eaursa
183 2505 281 2560 propheta
288 2505 308 2545 in
316 2503 400 2558 epodosi
407 2505 488 2557 pergat:
497 2502 531 2544 ste
539 2502 587 2543 dioit
594 2501 690 2544 Dominus
696 2518 700 2543 :
707 2502 798 2544 Noueni-

114 2583 153 2622 stet
167 2580 234 2638 (sopp)
249 2581 283 2619 aut
296 2578 330 2619 fiet
348 2579 428 2638 lugan).
454 2576 507 2618 Nam
528 2579 588 2631 eaput
601 2576 673 2630 Syriae
687 2577 799 2618 Damascus

7 2643 12 2652 ⁹
79 2701 81 2703 v
115 2655 134 2693 et
154 2655 214 2705 eaput
227 2650 322 2691 Damasei
342 2649 437 2701 Reninus,
458 2648 470 2690 i.
486 2660 503 2689 e.
517 2647 612 2699 Reninus,
633 2646 686 2688 filius
699 2646 798 2700 Taheelis,
