1941 3075
436 168 592 233 T-no-

187 320 249 373 eligat
268 319 327 363 bona.
352 321 398 363 Non
419 321 522 375 quodhoc
536 321 615 375 iecerit,
635 321 671 364 sed
685 321 738 374 quod
752 321 819 365 scierit
838 336 869 365 rc·
928 357 929 361 ,

147 417 149 421 -
186 393 283 445 probare,
298 397 320 434 ut
329 383 447 447 noscamus,
468 395 573 436 infantiam
586 394 668 435 humani
685 396 774 447 eorporis
789 395 868 437 divinae

186 478 226 507 non
239 465 378 519 praejudicare
393 467 522 528 sapientiae“.
542 468 606 509 Simili
617 469 676 509 modo
688 467 822 521 explicantet
834 469 868 511 alii
929 512 930 516 ,

187 535 263 580 veteres
277 539 394 592 interpretes
410 540 541 592 (Schmldius,
556 540 676 593 tiringus),
690 540 729 593 qui,
744 540 834 593 quamvis
848 541 868 582 in
900 575 902 577 .
957 568 958 571 =

187 610 232 653 aliis
245 611 305 653 rebus
318 612 382 653 minus
403 616 495 654 accurate
510 613 673 667 interpretentur,
690 617 757 654 tamen
774 613 795 654 id
808 626 869 655 unum
909 648 910 651 ,
967 626 968 632 ’

186 688 240 726 reete
253 685 383 739 perspiciunt,
398 687 552 739 haudquaquam
566 686 670 728 torminum
683 687 708 729 iis
722 687 788 729 verbis
803 686 869 741 desig-

186 757 236 798 nari.
263 757 370 799 Praeterea
385 759 402 799 si
415 771 465 811 puer
476 760 579 801 dumtaxat
589 772 651 811 usque
666 760 692 800 ad
709 749 753 801 enm
763 754 869 801 terminum

187 827 246 882 (puta
260 828 286 870 ad
299 842 362 872 annos
377 830 511 885 discretionis]
526 831 578 873 lacte
592 834 612 873 et
622 831 680 873 melle
694 830 748 873 vesci
763 831 868 885 diceretur,

185 914 217 943 res
232 900 329 945 adversae
342 907 387 956 post
401 917 444 946 cum
465 905 569 946 terminum
583 904 701 946 desinerent.
729 905 756 945 At
769 905 868 958 quomodo

186 973 232 1018 huic
245 975 274 1017 rei
288 979 442 1026 consentaneum
457 981 497 1032 est,
515 976 568 1030 quod
581 976 679 1032 propheta
696 977 792 1033 proximis
806 977 868 1020 uersi-

186 1049 222 1091 bus
235 1042 298 1103 usque
312 1049 338 1091 ad
349 1049 408 1093 finem
422 1050 493 1106 capitis
501 1050 539 1092 VII
553 1050 577 1091 de
588 1051 711 1092 desolatione
722 1051 814 1105 loquitur,
829 1063 868 1105 qua

186 1134 254 1164 omnes
264 1122 335 1175 reliqui
345 1123 398 1166 huno
410 1124 475 1166 cibum
484 1124 536 1166 esuri
545 1125 598 1166 sint?
612 1125 700 1176 Accedit,
712 1126 765 1177 quod
773 1125 868 1166 terminus
924 1123 925 1127 ’

131 1250 133 1252 -
185 1194 218 1237 ille
233 1207 314 1249 prorsus
327 1196 413 1238 incertus
427 1201 467 1250 est,
481 1198 507 1239 ab
522 1198 566 1239 aliis
581 1198 620 1239 alio
635 1197 694 1239 modo
708 1196 811 1250 delinitus,
826 1197 868 1238 sive

144 1276 146 1282 ’
185 1267 287 1322 deprimo
307 1281 358 1310 anno
374 1270 462 1325 (Hitaig)
478 1271 520 1313 sive
534 1272 559 1312 de
577 1271 635 1312 tertio
653 1271 692 1324 (sic
706 1270 795 1324 plerique
808 1270 867 1311 inter-

184 1340 261 1394 pretes)
270 1342 313 1382 sive
323 1342 348 1383 de
362 1342 439 1385 decimo
449 1356 512 1397 usque
524 1344 550 1385 ad
561 1343 676 1385 vicesimum
687 1342 867 1396 (Fabe1·,Ewald).
910 1330 911 1334 ¹

185 1413 267 1468 Hitaigii
281 1415 379 1457 sententia
392 1429 473 1469 prorsus
486 1429 526 1458 non
547 1415 652 1469 probanda
666 1419 701 1456 est.
728 1414 780 1456 Nam
793 1427 867 1467 nequa-

185 1488 283 1540 quamde
301 1488 351 1529 cibis
365 1489 459 1530 suavibus
477 1490 509 1530 rel
529 1489 602 1530 amaris
616 1489 645 1529 illi
664 1488 736 1530 oblatis
754 1488 817 1545 istam
828 1487 868 1528 for-

184 1561 257 1602 mulam
277 1561 368 1615 accipere
386 1562 442 1615 licet,
465 1575 508 1603 cum
526 1561 576 1603 talia
593 1561 718 1603 discernendi
739 1560 824 1602 facultas
842 1559 868 1601 sit

184 1638 274 1685 naturae,
288 1646 328 1673 non
338 1634 436 1675 educandi
450 1635 482 1676 uel
493 1634 589 1675 discendi.
611 1634 681 1685 Neque
690 1646 737 1674 vero
749 1646 798 1684 puer
809 1633 868 1674 trium

185 1718 281 1748 annorum
295 1705 380 1747 honesta
394 1710 413 1748 et
424 1707 536 1756 inhonesta,
550 1709 584 1746 aut
597 1706 679 1746 innoxia
693 1709 712 1745 et
724 1704 786 1745 noxia
794 1703 867 1745 discer-

159 1823 161 1826 ,
184 1791 231 1819 nere
245 1781 316 1831 potest.
343 1778 396 1819 Nam
415 1779 492 1819 etiarnsi
503 1777 654 1830 ,aliquantulam
672 1777 715 1829 ejus
732 1777 787 1818 modi
805 1759 867 1817 iaiul-

185 1854 245 1894 tatem
260 1863 284 1894 ea
298 1854 363 1893 aetate
378 1855 465 1895 statuere
475 1851 532 1904 uelis,
547 1855 613 1893 tamen
623 1851 678 1892 nullo
692 1849 751 1892 modo
762 1849 868 1891 triennium

176 1924 297 1984 vdescribere
311 1924 379 1966 licebit
398 1929 500 1978 tamquam
519 1927 615 1973 aetatem,
636 1936 676 1977 qua
693 1923 749 1976 pueri
766 1923 816 1964 talia
834 1930 867 1964 ex:
928 1915 933 1934 z
963 1906 964 1937 1

184 1997 279 2051 periendo
289 1997 407 2038 edidicerint
421 1999 452 2040 uel
462 1996 560 2039 sciverint,
583 1996 643 2049 Atqui
652 2009 691 2049 qua
700 1996 724 2038 de
734 2009 795 2038 causa
808 1995 867 2038 inter-

184 2074 250 2124 pretes
259 2071 364 2111 terminum
372 2075 413 2110 tam
421 2083 505 2124 parvum
513 2074 587 2123 putent,
598 2070 642 2110 loco
654 2073 764 2122 opportuno
774 2069 836 2121 (VIII,
845 2068 866 2121 3)

184 2142 323 2195 intelligemus.
344 2142 390 2184 Jarn
404 2155 451 2184 vero
462 2146 526 2184 utrum
536 2143 609 2184 bonum
623 2142 648 2183 sit
657 2142 758 2183 moraliter
772 2141 797 2183 de
806 2140 866 2183 hone-

185 2216 221 2257 stis
235 2215 294 2256 rebus
308 2228 334 2256 an
347 2216 432 2269 physice
449 2215 474 2257 de
491 2216 572 2256 utilibus
591 2215 751 2268 intelligendum,
771 2214 867 2255 hocloco
918 2209 933 2232 ⁵

184 2300 224 2329 non
242 2285 308 2337 multis
325 2286 392 2329 verbis
411 2286 562 2341 disputabimus.
593 2286 703 2339 Utrumque
722 2285 791 2327 eodem
809 2284 867 2327 redit.
970 2310 971 2313 =

184 2360 275 2402 Achasus
290 2360 394 2402 honestum
404 2360 418 2402 i.
429 2374 445 2402 e.
460 2363 588 2413 praeceptum
600 2358 639 2399 Dei
652 2359 763 2400 recusando
778 2362 796 2400 et
809 2362 867 2411 turpe

184 2433 197 2473 i.
212 2446 229 2474 e,
242 2432 397 2475 inobedientiam
416 2438 476 2486 atque
495 2432 654 2474 incredulitatem
672 2430 764 2485 eligendo
782 2443 813 2472 res
832 2430 866 2471 ad·
897 2471 898 2485 ἢ

184 2518 253 2549 versas
268 2505 305 2548 sibi
320 2507 442 2559 adsciverat,
460 2520 509 2549 vera
523 2506 587 2547 salute
601 2504 709 2558 reprobata
723 2508 742 2545 et
756 2503 866 2557 deperdita

183 2579 313 2621 Econtrario
331 2579 442 2621 immanuel
460 2578 480 2620 in
501 2577 616 2620 humillimis
633 2578 692 2619 rebus
710 2589 831 2631 puerascens
848 2579 868 2617 et

184 2652 302 2693 adolescens
315 2651 399 2692 idonens
414 2652 456 2703 erit,
471 2652 505 2703 qui
519 2650 572 2702 quod
582 2651 673 2692 Achaeus
687 2663 726 2692 non
737 2650 806 2700 valuit,
821 2661 867 2701 pec·
936 2652 937 2658 ’

162 2735 164 2737 ·
184 2727 228 2766 cato
242 2723 341 2778 evitando,
353 2723 432 2777 justitia
445 2723 538 2778 eligenda
549 2736 617 2765 veram
630 2725 782 2777 prosperitatem
793 2721 866 2776 populo
