1941 3075
287 156 290 169 ’
344 145 569 284 ,ΜΛ
644 209 645 212 Ν

155 823 292 894 Vatioinium,
307 841 360 894 quod
374 842 399 883 de
414 842 537 883 Immanuele
555 840 657 882 nascituro
674 840 737 882 edidit
751 843 785 883 Je-

102 915 156 957 saias
174 915 285 969 propbeta,
308 915 355 967 quin
369 913 421 955 inter
440 927 509 955 omnes
522 913 544 954 V.
558 913 581 953 Τ.
597 913 713 966 prophetias
727 927 785 967 prae·

58 1044 60 1046 -
102 988 181 1042 eipuum
197 988 262 1029 lotum
283 990 360 1037 teneat,
377 986 462 1027 dubitari
475 999 515 1028 non
528 989 600 1039 potest.
622 986 668 1027 lam
688 985 708 1026 in
722 986 747 1027 N.
761 987 784 1034 T.

59 1052 61 1054 ¹
103 1060 131 1103 st.
153 1059 267 1102 Matthaeus
298 1059 338 1102 hoe
360 1058 455 1101 vatioinio
485 1059 564 1100 natales
591 1057 702 1100 Salvatoris
724 1058 788 1100 nostri

34 1166 37 1170 .
102 1134 216 1188 praedictos
240 1145 284 1175 esse
304 1132 387 1197 putavit.
415 1133 523 1185 Postquam
547 1144 594 1174 vero
615 1132 666 1174 haee
688 1132 787 1174 sententia

103 1206 157 1261 apud
181 1205 300 1248 christianos
324 1206 442 1260 interpretes
464 1207 552 1260 priorum
572 1209 683 1259 temporum
704 1205 737 1247 diu
757 1205 786 1247 in-

103 1292 200 1323 coneussa
222 1280 298 1331 ualuit,
315 1278 456 1333 difficultates,
475 1280 546 1332 quibus
568 1278 670 1321 messiana
689 1279 785 1333 interpre-

103 1354 151 1395 tatio
167 1353 269 1395 obstruota
287 1357 327 1403 est,
349 1357 416 1394 tantae
434 1353 560 1394 existimatae
574 1356 629 1405 sunt,
646 1356 668 1393 ut
683 1353 739 1393 multi
757 1366 787 1394 re-

104 1426 202 1467 centiores
226 1424 315 1478 theologi
338 1424 453 1466 vatieinium
480 1423 559 1466 nonnisi
578 1424 604 1465 ad
627 1424 708 1465 lesaiae
734 1428 788 1466 aeta·
851 1467 852 1470 ,

103 1502 143 1538 tem
166 1501 257 1550 spectare
278 1510 342 1549 neque
364 1485 407 1537 ullo
431 1498 490 1538 modo
510 1498 530 1536 in
549 1497 621 1536 Christi
641 1498 718 1537 natales
740 1510 788 1549 qna-

104 1569 163 1610 drare
176 1571 277 1624 putarent,¹
298 1582 357 1622 quam
374 1569 488 1623 opinionem
506 1567 578 1610 Judaei
589 1568 707 1622 jamdudum
721 1568 788 1610 defen-

75 1631 77 1633 ·
105 1642 181 1685 derant.
209 1643 238 1684 Ao
251 1642 369 1696 praesertim
388 1655 432 1684 eum
447 1655 508 1697 saepe
522 1642 547 1683 ab
558 1641 708 1696 interpretibus,
726 1642 789 1684 verba

106 1721 126 1759 et
143 1729 175 1758 res
192 1715 248 1770 ipsas
262 1715 326 1757 minus
341 1719 433 1769 aeeurate
446 1715 587 1768 traotantibus,
601 1715 688 1758 violento
703 1715 789 1768 quodam

105 1780 164 1832 modo
179 1789 251 1840 omnia,
265 1802 318 1830 nexu
331 1801 396 1830 rerum
409 1789 510 1843 negleoto,
524 1788 653 1830 adOhristum
667 1789 731 1830 relata
744 1789 789 1843 sint,

105 1863 195 1916 plerique
210 1862 305 1914 aequales
319 1861 382 1903 nostri
398 1863 525 1903 amessiana
538 1861 700 1914 interpretatione
718 1862 790 1903 abhor-

105 1949 150 1977 rere
158 1938 270 1988 coeperunt,
282 1933 355 1989 quippe
370 1947 420 1987 quae
435 1934 501 1976 verbis
515 1936 580 1975 textus
588 1934 647 1975 nimis
661 1938 788 1988 repugnaret.

105 2008 158 2050 Num
172 2011 238 2049 autem
252 2006 379 2049 diffionltates
393 2007 440 2049 illae
453 2008 539 2060 maJores
553 2011 608 2060 sunt,
623 2019 682 2060 quam
691 2019 742 2059 quae
757 2020 790 2049 ex-

106 2079 227 2136 pediantur?
247 2079 296 2120 Mihi
310 2079 388 2133 quidem
402 2093 434 2121 res
449 2079 567 2134 dignissima
579 2079 667 2134 videtur,
681 2093 732 2134 quae
747 2081 790 2122 dili·

107 2155 186 2208 gentius
199 2157 322 2195 retraotetnr.
349 2153 410 2205 Atqui
428 2166 471 2194 eum
489 2155 539 2194 haee
555 2154 639 2194 materia
655 2154 758 2195 sententiis
771 2159 791 2195 et

108 2227 304 2282 interpretationibus
319 2226 412 2278 abundet
426 2228 474 2268 mihi
487 2228 507 2268 in
521 2226 587 2268 animo
605 2240 702 2270 essenon
719 2232 791 2282 potest,

108 2301 184 2351 omnia,
198 2312 249 2352 quiae
268 2300 293 2340 ab
311 2300 452 2352 interpretibus
466 2301 545 2353 prolata
558 2303 612 2351 sunt,
633 2314 748 2341 enumerare
763 2304 792 2341 at-

52 2364 55 2370 *
108 2384 146 2425 que
160 2373 267 2420 tumulare.
287 2372 328 2414 Sed
345 2372 443 2425 imprimis
456 2373 516 2414 nerui
529 2371 619 2413 ratieinii
639 2376 659 2414 et
673 2385 734 2426 seopo
747 2385 792 2426 per-

109 2443 215 2485 scrutando
237 2447 257 2484 et
277 2444 395 2485 illustrando
410 2458 491 2498 operam
503 2443 596 2495 navabo,
618 2444 706 2485 rationes
724 2448 794 2486 eontra

113 2516 235 2558 messianam
262 2516 445 2571 interpretationem
474 2517 556 2570 allatas,
589 2516 655 2569 quoad
680 2529 730 2571 opus
756 2521 792 2571 est,

109 2590 232 2633 examinans.
257 2590 333 2639 Quibus
347 2591 445 2643 refutatis,
459 2591 476 2631 si
488 2591 624 2632 demonstrare
636 2594 725 2645 potuero,
739 2604 790 2632 mes-

49 2713 50 2716 *
110 2665 186 2706 sianem
204 2663 387 2716 interpretationem
407 2665 458 2705 inter
481 2675 549 2706 omnes
576 2663 662 2706 maxime
688 2667 791 2706 oonsenta-

110 2750 168 2778 neam
183 2739 202 2777 et
220 2725 388 2791 simplicissimam
402 2749 446 2778 esse
460 2749 564 2790 rerumque
578 2749 630 2778 nexu
643 2736 727 2790 requiri,
744 2738 794 2779 haee

633 2810 661 2852 με
