1941 3075
448 180 578 220 ..26-

176 308 235 362 modo
243 307 351 349 inscribat:
366 315 387 359 tt]
399 307 431 368 rzip
443 305 483 370 55)ῖρ
495 316 548 371 utriq.
563 312 588 353 ut
597 309 774 371 adhibuitfflprqpp
787 312 854 366 legen<
918 341 919 347 ,

177 381 223 421 dum
237 381 275 430 est)
290 380 388 432 propheta
401 385 462 421 testes
476 386 550 435 certos,
572 384 604 434 qui
621 383 672 423 haee
685 384 746 423 verba
760 387 806 440 ante
819 384 855 423 im-

176 454 251 506 pletum
271 451 386 494 vaticinium
406 453 480 506 scripta
497 466 541 496 esse
555 457 656 496 testentur.
676 454 753 496 Deinde
770 451 877 508 propte-T

177 525 227 566 tissa
249 525 340 578 concepit
353 523 453 577 filiumque
467 526 551 579 peperit,
568 527 599 567 cui
613 527 692 568 Jesaias
709 530 766 582 pater
783 541 856 569 nomen

172 589 281 651 imposuit:
303 604 324 648 tn
337 597 368 657 utp
380 594 420 638 bbtt
433 604 482 652 upra.
509 599 561 640 Nam
579 600 695 653 priusquam
711 614 761 655 puer
778 603 856 654 patrem

132 665 134 668 ’
177 673 197 711 θῖ
210 662 293 710 matrem
307 670 409 722 appellare
424 673 489 722 queat,
503 671 516 710 i.
531 683 547 711 e.
563 683 602 711 uno
616 670 694 712 cireiter·
708 684 760 713 anno
775 674 856 724 peracto

153 735 226 797 *opes
248 741 342 783 Damasci
363 746 383 784 θῖ
404 743 501 797 praeda-m
519 743 623 785 Samariae
645 757 712 786 eoram
734 759 782 799 rege
793 745 855 799 Assy-

177 816 219 856 riae
235 815 322 855 ablatum
335 814 370 866 iri,
392 816 490 867 praedicit
503 817 607 868 propheta.
637 817 752 866 Quomodo,
775 829 856 868 quaeso,

145 912 146 915 =
178 885 220 928 fieri
238 886 311 941 potuit,
332 890 353 927 ut
367 887 475 940 Gesenius,
494 888 572 941 Hitnig,
594 888 721 931 Hendewerk
735 889 857 942 argumentis

177 960 227 1001 nihil
240 959 370 1013 probantibus
383 964 487 1012 utrumque
501 974 583 1014 puerum
597 974 656 1002 unum
675 962 798 1015 eundemque
813 975 856 1004 esse
920 955 936 992 s

126 1051 127 1054 ¹
179 1032 321 1073 defenderent!
350 1032 421 1073 Omnia
443 1038 485 1075 toto
504 1035 560 1075 coeio
582 1034 662 1075 diuersa
680 1039 730 1076 sunt.
757 1035 794 1076 Iilo
812 1036 856 1077 loco

178 1106 230 1160 (VII,
238 1107 270 1157 td)
278 1108 340 1146 mater
353 1103 408 1167 tugbq
416 1111 504 1158 uocatur,
515 1107 553 1148 hoo
567 1108 611 1148 loco
621 1108 758 1162 propbetissa3
771 1108 812 1149 iilic
821 1121 856 1161 pa-

177 1180 207 1217 ter
220 1190 317 1228 nusquam
332 1181 501 1229 commemoratur,
515 1178 549 1219 hio
562 1178 670 1229 inuenitur3
691 1179 733 1219 iilic
746 1182 809 1218 mater
822 1191 857 1218 no-

177 1262 223 1291 men
237 1252 306 1301 vocat,
320 1249 353 1291 bie
367 1249 447 1291 Jesaias
461 1252 526 1303 pater3
547 1250 589 1292 iliic
603 1250 627 1292 de
641 1251 695 1293 nullo
709 1250 805 1304 temporis
819 1254 857 1292 ter·

177 1321 230 1363 mino
244 1322 317 1363 mentio
336 1321 366 1375 fit,
388 1322 424 1363 sed
441 1322 466 1363 de
480 1322 579 1376 sapientia
595 1323 661 1376 pueri,
682 1324 715 1365 hio
732 1324 757 1365 de
774 1324 857 1364 termino

178 1395 250 1447 aliquo.
269 1395 376 1436 Praeterea
388 1399 492 1447 utrumque
506 1409 578 1437 nomen
593 1396 692 1438 diversum
707 1399 742 1438 θεῖ,
757 1396 783 1437 Αῖ
796 1409 858 1437 eausa

179 1467 258 1520 quidem
272 1471 318 1509 ante
332 1468 400 1509 oeulos
415 1471 450 1519 est,
466 1480 499 1509 cur
513 1469 570 1521 pueri
584 1469 663 1511 differre
677 1472 779 1522 negentur.
805 1468 857 1509 Nam

178 1540 195 1581 si
209 1540 267 1581 ambo
282 1540 477 1593 eorumqnenomina
490 1541 578 1594 ejusdem
592 1542 640 1584 facti
654 1542 713 1596 signa
721 1545 780 1594 atque
791 1542 858 1584 omina

179 1617 250 1665 essent,
265 1614 299 1654 vix
312 1613 462 1666 intelligeretur,
478 1626 539 1666 quere
553 1615 627 1658 factum
641 1615 693 1657 idem
701 1615 732 1657 bis
740 1618 799 1667 atque
810 1614 857 1656 duo-
890 1611 892 1617 ’

178 1689 214 1729 bus
223 1711 225 1715 v
235 1688 298 1740 signis
312 1687 467 1741 praeformatum
485 1691 543 1729 esset.
571 1689 593 1730 Si
609 1690 648 1731 hoc
665 1689 747 1731 consitio
760 1688 858 1729 Dominus

177 1761 221 1815 ipse
235 1761 350 1803 solemniter
364 1773 388 1801 ac
401 1761 469 1813 palam
486 1760 555 1813 regiae
569 1761 635 1803 domui
655 1761 734 1815 signum
747 1761 864 1809 immanue-=

177 1834 203 1873 lis
214 1835 257 1887 jam
272 1835 360 1885 dederat,
374 1834 424 1872 nihil
438 1839 486 1886 erat,
501 1847 535 1873 cur
549 1834 619 1874 iterum
633 1836 695 1875 daret.
720 1835 786 1883 qaid?
803 1835 858 1873 nullo
917 1832 919 1835 ’
966 1824 969 1827 ’

178 1906 236 1948 modo
250 1905 271 1947 id
285 1905 328 1947 fieri
341 1906 410 1959 potuit,
425 1905 442 1946 si
455 1908 537 1958 uterque
551 1918 605 1959 puer,
620 1906 641 1947 id
655 1906 707 1959 quod
719 1918 787 1947 omnes
799 1905 857 1947 inter·

178 1984 244 2033 pretes
257 1979 399 2032 praejudicatis
413 1978 539 2032 opinionibus
553 1979 612 2019 soluti
626 1983 700 2020 certum
719 1977 858 2020 certissimum-

179 2065 216 2105 que
230 2051 315 2104 habent,
337 2051 427 2093 diversus
441 2053 476 2093 est.
505 2050 553 2092 Dum
567 2051 619 2093 enim
637 2051 710 2093 beilum
724 2050 858 2106 syro-ephrai-

178 2125 265 2166 mitieum
285 2137 325 2165 non
348 2125 411 2166 scrius
432 2137 490 2176 quam
509 2125 580 2177 primo}
594 2125 669 2166 Achasi
687 2125 789 2177 regnantis
806 2137 858 2165 anno
910 2167 912 2169 ,

178 2197 191 2238 i.
206 2210 222 2238 e.
234 2196 272 2241 743
286 2196 388 2251 inceperit,
402 2196 504 2238 Pecaehos
517 2209 564 2238 uero
579 2209 630 2238 anno
644 2196 683 2240 739
697 2196 812 2239 interiectus
827 2195 858 2250 sit,

179 2270 282 2312 dumtaxat
302 2274 342 2312 tres
362 2271 403 2312 fere
422 2269 468 2311 anni
483 2270 604 2323 supputandi
618 2275 672 2320 sunt,
695 2270 766 2321 quibus
785 2270 859 2323 omnia,

180 2355 230 2395 quae
242 2347 419 2396 eueneruntusque
433 2344 459 2383 ad
473 2346 551 2395 tempus
565 2343 686 2384 deuictorum
697 2343 789 2394 hostiurm,
804 2343 859 2383 faeta

179 2420 230 2456 sunt.
254 2414 314 2467 Atqui
328 2428 380 2458 nono
394 2428 463 2458 mense
476 2419 522 2468 post
536 2415 624 2456 tabulam
637 2415 723 2469 positam
730 2415 858 2457 Maherscha-

178 2488 207 2530 lal
220 2490 278 2528 natus
293 2493 361 2529 est-
375 2502 421 2530 nam
435 2487 457 2530 rb
470 2493 531 2549 upprj]
547 2488 648 2528 doristum
669 2501 723 2541 esse,
745 2501 785 2529 non
802 2488 858 2529 Pius-

180 2562 350 2617 quamperfectum
366 2563 450 2616 (boruth,
466 2561 572 2614 Gesenius)
586 2574 668 2604 neccsse
683 2567 718 2604 est.
733 2562 811 2603 Deinde
825 2562 859 2603 do·
918 2579 921 2581 “

179 2651 216 2679 neo
230 2636 296 2677 infans
310 2634 415 2685 παππάζθιν
429 2636 499 2688 quiret,
517 2634 604 2688 spatium
614 2635 672 2677 unius
686 2636 733 2677 anni
750 2634 858 2689 praeteriit,

180 2710 246 2760 Quare
260 2709 313 2760 quod
326 2709 383 2762 VIII,
398 2710 410 2750 1
425 2721 469 2762 sqq.
482 2710 584 2748 narratum
598 2712 684 2759 estnon
697 2709 726 2749 ite
739 2709 800 2749 mutto
814 2710 860 2759 post
