1912 3075
407 241 537 281 2⁵37ss

129 370 172 411 lata
188 370 311 424 temporibus
325 370 441 412 miserrimis
456 371 573 413 adolescens
587 371 646 414 viret.
665 371 707 413 Lac
724 370 810 426 spissum

58 461 59 464 ¹
130 444 202 485 etmel
221 444 321 495 comedet,
334 447 366 496 ut,
384 443 405 485 id
420 444 472 496 qued
486 444 561 486 Aebasi
582 444 651 486 domus
666 445 691 486 cb
705 444 810 486 increduli-

130 518 190 557 tatem
207 515 321 568 nequierat,
344 515 418 556 benum
432 515 506 570 eligere
524 519 544 558 et
556 516 630 557 malum
643 516 726 569 rejicere
740 516 812 571 sapiat.

130 589 182 630 Nam
205 589 321 643 priusquam
347 601 397 643 puer
421 588 454 630 illc
478 589 596 642 sapientiam
619 594 721 644 praestare
742 589 812 643 pessit,

1 664 3 668 ⁴
57 688 59 690 ·
131 665 217 714 quantae
241 673 348 702 aerumnae
364 661 488 703 intercedant
513 675 595 704 necesse
617 664 656 704 est!
683 663 728 704 Neu
748 662 812 703 selum

131 734 298 789 Ephraimitarum
313 738 332 776 et
339 734 434 788 Syrorum
447 739 501 777 terra
515 737 594 777 deserta
606 736 687 790 jacebit,
702 735 738 776 sed
752 735 812 776 etiam

132 807 227 848 Judaicus
240 807 326 861 populus
341 807 423 860 ejusque
441 808 510 850 demus
524 809 581 862 regia
594 812 634 849 tam
649 808 739 851 adversis
752 807 812 849 rebus

132 880 257 934 subjicietur,
272 881 342 933 quales
359 894 399 923 nen
413 881 492 923 fuerunt
507 881 554 924 inde
568 895 581 923 a
594 882 658 924 diviso
675 895 738 935 regnu
751 880 812 923 Davi-

132 954 170 994 dis.
184 954 236 994 Tota
249 953 309 1005 igitur·
322 953 492 995 terralsraelitica
504 953 524 994 in
538 956 613 994 tantam
621 953 765 995 desolationem
780 953 813 994 de-

133 1026 196 1077 cidet,
219 1029 240 1066 ut
259 1025 309 1067 nibil
330 1026 369 1067 nisi
385 1027 418 1068 lac
438 1029 457 1068 et
477 1026 516 1067 mel
535 1027 677 1068 comedendum
694 1027 812 1068 inveniatur.

133 1099 242 1150 Uirumque
259 1099 388 1153 supplicium,
410 1113 448 1152 que
462 1100 598 1154 Ephraimitae
612 1104 632 1141 et
646 1113 684 1153 que
698 1099 770 1141 ludaei
784 1099 813 1140 af·

132 1171 232 1224 ficiuntur,
254 1171 343 1225 sequenti
363 1173 428 1226 capite
445 1173 549 1228 repetitum
564 1173 649 1227 amplius
664 1172 781 1215 describitur
795 1176 814 1225 ct

133 1244 255 1297 argumentis
270 1246 328 1286 certis
342 1249 388 1287 ante
404 1248 472 1287 oculos
485 1246 569 1300 ponitur.
585 1247 615 1287 De
629 1245 758 1300 Ephraimitis
772 1246 814 1299 agi-

134 1324 165 1362 tur
179 1333 216 1375 per
230 1320 308 1373 signum
322 1323 342 1360 et
355 1331 427 1360 nemen
440 1318 606 1361 ldabcrsehalalis
624 1331 642 1360 r.
658 1319 729 1371 1-43
744 1318 769 1359 de
780 1317 814 1359 Ju-

68 1438 80 1447 ι,
134 1394 190 1435 dacis
203 1406 222 1434 r.
236 1392 293 1435 b-s.
323 1392 379 1433 Tunc
401 1391 486 1444 denique
499 1392 614 1433 clarissime
636 1392 743 1445 splendere
757 1391 814 1433 elari-

134 1471 165 1507 tas
178 1464 306 1507 immanuelis
324 1468 419 1518 tanquam
437 1466 468 1506 sul
481 1469 527 1519 pest
542 1465 606 1506 nectis
622 1461 716 1506 tenebras
734 1460 816 1519 effulget

135 1541 223 1594 (b-tti.
258 1538 332 1580 Omnes
346 1542 416 1591 gentes
430 1542 449 1579 et
462 1542 549 1579 remotos
564 1542 629 1579 terrae
644 1539 729 1592 pupulos
743 1539 814 1578 lmma-

134 1613 181 1653 nuel
196 1612 303 1653 contundet
316 1615 375 1664 atque
389 1611 504 1666 perfringet.
523 1611 580 1652 Haec
593 1611 697 1665 praevidet
710 1612 815 1665 propbeta,

135 1685 168 1738 qui
181 1699 221 1727 non
236 1698 260 1726 ea
274 1684 351 1737 aspicit,
366 1697 417 1736 quae
430 1685 503 1738 vulgus
517 1688 551 1725 aut
560 1683 616 1724 timet
630 1688 664 1724 aut
677 1687 750 1736 sperat.
764 1684 815 1725 Gen-

134 1757 178 1799 iidit
195 1756 348 1808 calmiciaca,
369 1756 402 1810 qui
419 1756 468 1797 talia
486 1755 584 1811 supplicia
600 1756 621 1797 in
635 1757 720 1799 ambas
734 1756 815 1799 Israelis

135 1831 205 1873 domus
220 1830 326 1881 constituit,
340 1830 456 1884 prinsquam
469 1829 596 1871 Immanuelis
611 1843 669 1884 opem
683 1831 753 1872 mittat
775 1831 816 1872 Sed

135 1905 234 1958 propheta
247 1916 287 1944 non
301 1904 362 1954 solus,
376 1903 411 1944 sed
426 1903 485 1943 etiam
494 1903 586 1954 discipuli
598 1903 675 1954 fideles,
690 1916 739 1956 ques
751 1904 768 1943 ei
776 1905 816 1943 Do-

135 1977 200 2019 minus
214 1976 301 2028 donavit,
316 1976 360 2018 Dee
369 1976 451 2028 eJ'usque
459 1976 580 2016 Immanuele
592 1975 697 2016 confidunt.
709 1976 740 2017 En
754 1975 816 2017 eccle-

77 2104 79 2106 Υ
135 2050 196 2101 sicia,
212 2053 280 2092 coetus
294 2048 392 2102 fidelium,
406 2045 509 2088 abactae
522 2048 635 2100 μέλλοντος,
657 2048 725 2089 emina
738 2048 817 2090 futurae
850 2058 852 2062 ·
885 2082 887 2084 .

135 2122 204 2176 pepuli
225 2121 360 2163 conversionis
379 2125 398 2163 et
411 2121 528 2175 praesagia,
551 2121 650 2163 destinata
663 2134 699 2174 per
712 2120 816 2175 Jelrevam,

136 2195 170 2250 qui
184 2195 205 2236 in
218 2198 284 2236 mente
298 2194 347 2236 Zion
361 2195 446 2236 salutem
460 2193 544 2247 parabit.
559 2194 585 2235 llt
598 2206 717 2246 quamquam
731 2207 755 2236 ec
769 2197 817 2236 tem-

136 2280 184 2319 pore
193 2267 277 2320 populus
292 2265 318 2306 ad
332 2265 420 2306 hariolos
435 2267 454 2305 et
467 2269 606 2306 necromantes
620 2278 642 2306 se
655 2266 758 2318 cenvert't,
773 2279 818 2307 cce-

136 2342 168 2380 tus
181 2322 270 2380 ticenum
292 2338 318 2379 ad
331 2338 395 2379 Deum
408 2335 458 2378 invit
472 2340 484 2377 t.
513 2337 581 2386 burn?
607 2337 688 2378 tandem
709 2338 817 2391 aliquando

136 2425 201 2453 nnnrre
216 2412 365 2453 exclamabunt:
387 2406 471 2471 ³3³2*an
483 2406 557 2470 ³:³an,
577 2411 628 2452 sicut
638 2412 681 2463 jam
695 2415 741 2453 tunc
755 2413 817 2454 eccle-

136 2482 167 2521 sia
180 2481 291 2523 Jesaiana?
308 2482 352 2524 Hoc
369 2482 448 2535 quidem
461 2493 501 2522 neu
518 2481 561 2532 liet,
579 2481 618 2522 nisi
631 2493 668 2534 per
682 2483 752 2533 gravia
764 2481 818 2536 J'udi-

137 2553 174 2603 cia,
190 2553 260 2606 quibus
275 2554 341 2606 caligo
356 2558 375 2596 et
388 2555 487 2596 tenebrae
497 2554 573 2606 absque
586 2554 627 2594 ullc
644 2566 728 2596 aurorae
740 2554 817 2607 fulgore

136 2629 209 2667 terram
229 2629 249 2667 et
264 2625 340 2667 incolas
355 2626 436 2679 operiet.
464 2627 504 2669 Sed
521 2625 574 2667 baud
593 2625 613 2666 in
627 2627 739 2667 aeteruum!
763 2626 819 2668 Sient

137 2698 186 2741 fines
200 2689 286 2740 maxime
300 2699 361 2752 spreti
375 2698 422 2741 elim
436 2698 604 2753 glorificabuntur,
618 2698 647 2739 ita
661 2700 725 2741 omnis
739 2699 818 2740 omnine

136 2772 229 2826 populus.
255 2770 351 2825 Magnum
368 2771 459 2829 elucebit
474 2760 541 2814 lumen
559 2775 579 2813 et
592 2771 668 2827 ingenti
688 2771 818 2816 exsultabitur
