1941 3075
413 170 590 243 ’-θε-

184 328 266 371 laetitia.
280 329 338 372 Bella
351 333 397 372 sunt
410 331 511 386 confecta,
529 336 573 376 orta
592 335 622 375 est
635 305 681 386 pari.
708 333 815 373 Aeternum
829 332 864 385 pa-

185 403 213 444 cis
227 415 310 455 regnum
324 403 440 445 stabilietur.
463 405 516 446 Nam
529 419 578 459 puer
591 408 649 447 natue
663 407 694 446 est
709 403 816 458 permirus,
834 403 865 445 cui

184 475 288 529 imperium
303 480 338 530 est.
365 477 412 530 lpse
423 481 454 520 θεῖ
467 479 515 529 nnn,
530 492 576 520 nam
591 483 621 520 est
633 475 680 539 Nili
694 476 788 531 reprobat
801 477 865 518 consi·
925 529 926 532 Ἴ

183 546 232 587 lium
246 548 294 588 mali
308 550 327 588 et
341 547 397 600 eligit
412 552 431 589 et
445 547 505 589 efficit
518 549 601 600 bonum,
618 545 665 592 nam
686 549 715 590 est
739 547 795 605 phil,
810 547 866 590 elidit

185 617 271 659 hostium
285 629 340 672 opes,
354 631 401 659 nam
415 623 445 661 est
456 618 501 672 alna
512 617 547 673 brt,
558 620 649 673 Regnum
663 621 705 674 ejus
718 632 818 674 nunquam
832 619 865 661 de-

185 687 246 739 sinet,
266 699 312 727 nam
331 690 423 727 aeternus
436 691 504 741 pater,
522 687 615 742 princeps
632 689 689 742 pacis
705 688 808 731 vocabitur
825 686 865 729 ille.
886 719 887 722 η

184 759 241 801 Haec
258 759 325 802 omnia
342 759 432 812 perficiet
449 761 503 801 zelus
517 760 597 803 Domini
611 760 701 803 Zebaoth
719 773 743 803 ex
762 759 866 804 sanctitate

185 834 227 874 irae
242 834 267 875 ad
282 833 355 874 amoris
369 833 511 885 benignitatem
526 846 624 876 reversus.

237 940 303 982 Tanta
318 939 450 982 concinnitate
464 944 484 983 et
498 942 629 995 congruentia
643 945 674 985 θεῖ
690 944 743 983 totus
757 941 867 995 prophetae

186 1024 251 1053 sermo
267 1012 380 1065 optimeque
392 1012 486 1067 temporis
500 1026 605 1065 rerumque
613 1013 758 1055 conditionibus
770 1011 867 1055 convenit.

185 1085 317 1139 Temporibus
325 1084 447 1137 miserrimis,
461 1085 532 1136 quibus
544 1085 609 1146 gentis
619 1085 739 1139 Assyriaeae
753 1085 778 1126 ab
787 1084 867 1126 Achaeo

185 1158 229 1210 ipso
247 1156 359 1198 incredibili
381 1158 467 1210 quadam
485 1158 580 1199 caecitate
601 1159 710 1199 arcessitae
730 1158 815 1212 impetus
832 1157 867 1198 im-

121 1223 123 1225 *
186 1230 274 1272 minebat
284 1231 366 1285 primus,
380 1232 479 1285 propheta
491 1231 588 1273 acerrima
598 1232 699 1273 oculorum
711 1232 754 1273 acie
765 1230 869 1285 praevidet

187 1316 254 1344 omnes
265 1303 395 1356 calamitates,
410 1316 488 1345 omnem
500 1304 643 1346 desolationem
658 1304 683 1345 ab
695 1303 786 1345 hostibus
794 1302 868 1356 populo

186 1388 222 1417 suo
236 1375 365 1418 afferendam.
392 1376 510 1418 incumbunt
524 1375 568 1429 jam
585 1380 656 1430 gentes
673 1379 774 1429 tamquam
791 1375 869 1417 bestiae

186 1453 269 1502 paratae
283 1453 304 1490 ut
317 1449 413 1490 Israelem
432 1449 531 1490 devorent.
558 1450 585 1490 Aa
603 1461 639 1502 per
656 1450 724 1491 turbas
744 1447 832 1502 gentium
850 1451 869 1488 et

185 1522 288 1562 molimina
301 1523 419 1574 populorum
436 1522 558 1562 tumultuosa
570 1522 680 1563 immanuel
697 1522 797 1574 perfulget
816 1532 868 1561 sum-

185 1606 239 1634 mum
246 1593 326 1634 divinae
332 1593 410 1646 gratiae
417 1593 575 1646 phaenomenon,
591 1593 615 1634 de
623 1606 661 1645 quo
669 1593 767 1647 propheta
778 1591 867 1645 emphasi

187 1666 273 1718 quadam
282 1665 345 1708 elatus
356 1665 495 1721 doxologieam
508 1665 564 1707 illam
574 1665 710 1709 laudationem
721 1666 798 1720 accinit,
806 1665 868 1707 idem-

187 1752 224 1792 que
236 1740 300 1781 vietor
314 1739 419 1793 gloriosus,
434 1740 467 1792 qui
480 1752 563 1792 regnum
575 1740 687 1793 constituat,
702 1739 793 1781 omnibus
801 1738 868 1791 regnis

187 1812 296 1854 diuturnius
311 1815 371 1865 atque
384 1816 492 1855 aeternum.

240 1923 299 1972 erod
311 1935 358 1964 num
371 1922 473 1976 impletum
482 1923 508 1964 sit
518 1923 611 1975 quaeris?
623 1922 702 1964 Accidit
716 1926 735 1962 et
748 1922 869 1971 factumest,

188 1996 241 2049 quod
254 1995 396 2050 prophetarum
416 1994 509 2049 princeps
526 1994 560 2037 ille
573 1995 697 2037 vaticinatur.
725 1993 774 2035 Inde
792 2006 805 2034 a
821 1995 869 2034 tem-

187 2081 237 2121 pore
251 2068 292 2120 illo,
307 2079 345 2120 quo
355 2068 446 2108 Aehasns
454 2068 549 2120 Assyrios
563 2067 672 2119 arcessivit,
687 2079 787 2119 nunquam
799 2066 870 2118 jugum

188 2139 268 2194 gentilis
283 2138 423 2182 dominationis
434 2139 460 2181 ab
470 2139 605 2182 Israelitarum
616 2140 726 2182 cervicibus
734 2151 816 2192 prorsus
828 2150 869 2179 ees-

188 2212 219 2254 sit.
246 2213 336 2265 Assyria,
350 2212 426 2264 Persia,
443 2213 534 2265 Graecia,
548 2213 612 2258 Roma
621 2212 676 2253 uices
686 2214 793 2264 uerterunt,
806 2211 870 2252 donec

188 2285 268 2327 tandem
281 2288 392 2341 temporum
406 2286 504 2340 angustiis
516 2298 613 2340 oppresso
627 2290 647 2328 et
660 2285 732 2327 misero
746 2285 820 2339 populo
834 2297 869 2326 suo

188 2360 297 2401 immanuel
311 2360 408 2401 subvenit.
442 2359 500 2408 Quod
514 2358 612 2412 propheta
626 2358 698 2399 edendi
712 2358 777 2411 butyri
790 2362 810 2398 et
822 2358 870 2398 mel-

154 2455 156 2458 ·
188 2432 213 2473 lis
226 2431 314 2482 imagine
332 2431 430 2484 depinxit,
448 2431 469 2471 id
486 2431 504 2471 ei
523 2431 613 2484 profecto
631 2430 708 2482 obtigit.
734 2430 871 2470 Humillimam

189 2504 249 2544 vitam
264 2503 339 2556 degens
354 2516 378 2544 ex
391 2503 423 2555 iis,
438 2515 489 2554 quae
498 2515 570 2555 passus
584 2505 619 2554 est,
634 2500 780 2543 oboedientiam
795 2502 870 2543 didicit.

188 2576 242 2629 Jugo
256 2579 322 2617 autem
336 2587 420 2617 oneroso
434 2575 550 2626 humerique
563 2575 635 2616 baculo
649 2574 757 2628 confracto,
772 2574 823 2616 solio
837 2587 870 2615 au·

189 2653 247 2702 gusto
262 2648 383 2703 supersedet,
398 2652 505 2702 perpetuus
520 2648 610 2701 profecto
624 2648 731 2701 Augustus,
745 2650 870 2701 exspectans,

190 2722 253 2766 donee
267 2733 335 2763 omnes
349 2720 417 2763 hostes
431 2720 540 2763 scabellum
554 2720 627 2775 pedum
641 2724 746 2775 ponantur.
766 2720 818 2761 Nam
831 2719 871 2774 pri-
