1941 3075
326 161 361 201 ’.
422 146 576 202 -ra'-¹

151 288 216 340 (LXX
229 290 273 344 πρὶν
291 288 313 344 ἢ,
329 288 399 331 Chald.
415 287 440 351 tt}
453 296 487 344 td,
501 291 560 345 (les,
581 291 632 345 Era,
655 291 725 343 Meier,
738 291 829 333 Umbreit

150 361 196 412 ete)
210 365 244 402 aut
265 361 344 414 quando
365 363 452 404 seu-sub
467 363 570 405 terminum
588 375 626 415 qno
645 362 683 417 (sio
696 362 785 415 plerique
799 377 828 405 re·
897 383 899 385 >
935 378 937 381 ·

151 433 247 474 eentiores
262 434 388 487 interpretes)
412 439 529 489 eognoscat,
551 436 598 488 quid
611 436 685 477 bonum
706 437 829 477 aut'malum

150 505 193 547 sit?
213 505 236 547 Id
248 507 293 560 jure
307 520 374 549 omnes
388 508 430 550 fere
443 512 524 550 nostrae
538 508 609 550 aetatis
626 509 743 562 interpretes
757 507 830 550 intelli-

151 582 205 631 gunt,
220 581 265 621 eoll.
280 581 338 631 1122,
352 580 372 620 in
387 582 483 635 ejusmodi
497 582 625 623 sententiam:
639 582 660 623 in
673 585 726 623 terra
740 581 830 624 desolata

151 652 176 693 oli
197 652 306 694 ineolarum
327 653 426 695 defeetnm
446 654 496 695 nihil
514 654 569 696 aliud
587 655 651 697 vietus
671 654 754 708 reperiri
770 667 830 709 posse

151 724 188 766 nisi
207 725 239 767 lae
253 730 273 767 et
292 726 336 767 mel.
363 726 424 779 Atqui
442 740 491 780 puer
505 727 615 768 immanuel
631 727 652 769 in
671 731 725 769 terra
745 727 831 769 Iudaiea

151 802 249 851 nasertur,
263 799 362 854 propheta
376 803 441 841 autem
462 813 480 841 r.
497 800 519 843 re
534 800 641 842 hostium
663 804 759 842 terrarum
774 801 830 843 deso·

151 872 245 913 lationem
259 872 357 926 exprimit.
384 873 503 915 Utrumlibet
525 886 573 927 ergo
590 873 756 926 signifieationem
774 887 831 928 prae-

112 943 114 949 '
151 946 256 998 positionis
269 944 281 982 '2
295 946 359 997 eligis,
373 958 408 985 seu
424 947 511 998 ‚‚doneo“
525 960 560 986 seu
569 947 673 997 „quantuor
688 947 755 998 vertis
769 947 832 986 haud-

153 1026 253 1066 quaquam
267 999 423 1067 comprehendes
428 1046 433 1065 ‚
450 1014 568 1067 prophetam
583 1014 635 1056 hune
652 1014 716 1055 eibum
730 1016 787 1068 pueri
808 1010 844 1056 en.

153 1086 276 1128 desolatione
297 1091 362 1127 terrae
383 1086 470 1127 hostium
484 1085 585 1140 explioare
600 1090 619 1126 et
637 1089 740 1140 utrumque
753 1099 833 1129 versum

152 1158 249 1212 particula
270 1166 292 1212 *a
310 1159 375 1211 ligare
389 1159 483 1212 potuisse.
511 1159 608 1200 Gesenius
627 1159 730 1212 opinatur,
751 1159 794 1200 iore
812 1163 833 1200 ut

153 1228 275 1280 aliquamdiu
289 1233 395 1283 postquam
406 1230 477 1271 *hostes
491 1229 618 1281 deeesserint,
632 1230 684 1270 laete
699 1234 718 1271 et
731 1231 790 1272 melle
805 1231 833 1271 in-

153 1301 209 1341 nolae
222 1306 328 1343 veseantur
342 1305 423 1355 propter
437 1305 510 1342 terram
518 1300 623 1342 Iudaieam
637 1314 672 1354 per
686 1301 754 1343 hostes
767 1308 833 1344 vasta·

152 1376 203 1424 tam,
226 1374 289 1416 donee
308 1387 358 1428 puer
371 1374 444 1415 bonum
462 1377 481 1415 et
494 1374 569 1415 malum
586 1374 699 1416 discernere
712 1375 781 1428 possiti
808 1376 835 1416 At
882 1378 884 1382 ’
904 1408 906 1412 ,

153 1446 267 1500 priusquam
275 1461 325 1501 puer
338 1447 365 1487 ad
378 1448 399 1487 id
407 1447 478 1488 aetatis
488 1459 606 1500 progressus
620 1448 652 1500 sit,
664 1450 737 1488 terram
748 1446 834 1488 hostium
864 1458 865 1461 ’

151 1519 194 1573 jam
208 1520 234 1561 ab
247 1520 318 1562 ineolis
333 1520 448 1561 derelietam
463 1520 512 1561 fore.
540 1520 580 1561 Sed
595 1517 739 1561 violentissima
758 1523 788 1561 est
805 1520 834 1561 in-

154 1594 279 1645 terpretatio,
294 1606 333 1646 qua
347 1599 368 1645 ⁸².
381 1606 420 1634 non
434 1592 559 1646 explieatire,
574 1593 609 1634 sed
623 1593 750 1635 adversative
763 1591 835 1634 intelli-
896 1630 897 1634 ,

155 1663 213 1716 gitur¹
241 1665 290 1713 Oum
304 1664 383 1716 signnm
396 1667 437 1704 tam
452 1663 606 1716 aenigmatieum
616 1677 634 1705 v.
644 1665 674 1714 11,
689 1664 713 1706 Id
728 1662 835 1704 annunoia-

155 1740 195 1777 turn
209 1738 240 1790 sit,
255 1736 364 1790 quomodo,
380 1749 464 1789 quaeso,
478 1736 577 1791 partieula
588 1749 673 1790 sequens
687 1745 708 1790 ra,
722 1737 762 1778 alio
775 1736 835 1778 modo

155 1806 205 1849 sumi
219 1809 290 1861 potest,
304 1805 342 1848 nisi
349 1805 487 1848 usitatissimo:
502 1805 560 1859 enlm,
574 1806 691 1849 sieutetIam
698 1806 753 1858 VIII,
767 1807 834 1860 Ipar-
903 1849 905 1852 ,
960 1792 964 1817 ³

155 1880 217 1920 tienla
230 1887 251 1933 aa
265 1892 328 1933 aeque
341 1882 400 1930 atque
413 1879 446 1919 hie
457 1879 640 1932 interpretationem
647 1892 739 1921 versuum
748 1878 836 1932 priorum

155 1950 227 1991 affert?
250 1949 308 2002 Quid,
323 1948 382 2002 quod,
397 1961 456 2002 qnam
469 1948 550 1990 oausam
564 1949 661 1991 Gesenius
675 1950 750 1991 indieat
764 1948 835 1990 edendi

154 2022 213 2065 laetis
231 2026 250 2065 et
266 2022 339 2074 mellis,
362 2021 435 2063 frustra
452 2021 473 2062 in
493 2024 548 2063 tento
566 2022 678 2075 quaerimus
697 2025 716 2064 et
734 2034 795 2064 eausa
815 2021 835 2062 in

156 2099 210 2135 textu
224 2095 286 2135 allata
300 2107 312 2135 a
327 2094 412 2134 Gesenio
426 2092 540 2146 negligitur.
554 2094 634 2135 Rectius
645 2094 724 2136 Knobel
738 2094 778 2136 vim
792 2093 836 2148 pari

156 2167 228 2210 tioulae
242 2170 295 2210 tenet
309 2169 329 2208 et
342 2165 460 2209 sententIam
473 2166 561 2209 ratieinii
576 2166 605 2209 ita
619 2167 715 2221 explieat:
745 2166 774 2208 Eo
788 2170 836 2209 tem·

156 2253 214 2294 pore7
235 2253 273 2292 quo
287 2239 397 2280 Immanuel
418 2238 438 2279 in
457 2252 520 2280 annos
534 2239 659 2281 diseretionis
673 2242 779 2292 proventus
793 2239 835 2292 erit,

156 2315 202 2368 post
215 2311 337 2356 incursiones
352 2311 438 2354 hostium
452 2311 522 2354 iterum
537 2297 632 2366 repetitas
646 2311 710 2354 vietus
730 2312 786 2367 pueri
800 2312 837 2354 erit

156 2387 219 2429 vilior.
244 2387 299 2428 Tune
313 2398 360 2428 vero
374 2386 502 2428 Immanuelis
520 2399 593 2427 nornen
614 2386 724 2427 ominosum
745 2386 836 2441 implebi-
901 2441 903 2445 ι
937 2374 942 2435 J

156 2463 193 2512 tur,
207 2472 253 2500 nam
267 2458 382 2512 prinsquam
396 2470 445 2512 puer
458 2458 590 2500 interbonum
604 2462 623 2499 et
636 2459 709 2500 malum
717 2459 791 2512 eligere
801 2471 836 2512 po-

156 2531 209 2581 terit,
232 2531 347 2585 apparebit,
363 2531 426 2572 Deum
440 2530 523 2572 Iudaeis
543 2531 655 2572 adfuturum
673 2544 722 2573 esse.
746 2532 773 2572 At
788 2531 837 2571 duro

157 2610 177 2647 et
190 2606 276 2647 violento
290 2605 349 2646 ruodo
363 2603 461 2646 sententia
476 2606 502 2657 (v.
518 2604 550 2657 lu)
565 2605 683 2658 praeteritur
700 2611 719 2648 et
733 2618 837 2658 argumen-

157 2683 198 2723 tum
211 2690 247 2732 per
260 2676 378 2733 particulam
392 2682 413 2730 ’ἐς
426 2676 508 2717 allatum
523 2676 548 2717 ad
562 2690 580 2719 v.
595 2677 620 2718 14
636 2677 727 2718 refertur.
755 2675 837 2717 Senten-
