1941 3075
353 165 386 206 ’-·
408 177 433 215 rr
460 199 486 206 -

67 317 120 360 rue,
134 318 181 346 nam
194 305 248 347 idem
261 306 297 358 IX,
312 306 324 347 5
338 303 376 364 app
388 308 472 346 vooatur
484 317 552 357 neque
563 305 603 346 ullo
616 304 675 359 modo
690 315 762 345 nomen

82 377 215 430 ,Immanuer‘
230 377 310 437 fortuito
325 377 382 429 quasi
393 376 411 418 ei
421 389 483 431 puero
492 376 535 430 ipsi
551 376 593 417 dari
606 375 715 430 putandum
726 377 762 418 est.

80 450 151 502 Neque
163 463 210 493 uero
224 463 273 503 puer
287 450 331 502 ipse
345 449 456 501 solus-sed
469 450 541 501 omnia,
556 461 685 501 quaeeunque
699 448 724 488 de
738 460 762 488 eo

82 522 135 565 diota
148 527 202 574 sunt,
221 522 300 575 signum
320 522 439 574 oonstituunt
454 523 518 575 (reete
532 521 579 565 Seu.
593 521 714 563 Sohmidius:
732 533 762 563 re-

2 640 4 642 ,
81 607 129 635 vera
142 594 163 635 in
172 592 269 645 omnihus,
284 605 335 645 qnae
349 593 381 634 hio
395 593 485 635 dieuntur
499 593 524 634 de
532 592 612 645 Messio,
626 596 657 633 est
667 592 762 646 signum).

24 672 26 675 “
82 666 158 716 Quodsi
172 666 239 720 puella
258 666 356 719 quaedam
372 679 384 707 a
398 667 483 707 Domino
500 679 562 720 puero
580 665 695 719 donabitur,
716 677 763 705 num

80 741 141 792 longe
154 739 259 792 repetitum
277 752 321 781 esse
338 740 440 793 putaveris
459 727 586 792 oonoludere,
605 739 664 780 etiam
684 742 763 791 partum

81 812 146 865 ipsum
162 825 201 853 non
215 812 268 853 adad
283 813 359 866 φύσιν,
379 813 414 854 sed
427 813 487 868 παρὰ
502 811 568 867 φύσιν
585 812 643 854 lore?
669 811 763 864 Alioquin

80 885 180 938 propheta
194 889 246 926 oerte
259 888 300 926 tam
310 886 365 928 breui
374 886 433 928 modo
444 885 564 938 scripsisset,
579 898 618 937 quo
626 884 662 937 IX,
671 884 689 927 5,
712 885 763 925 Puer

82 969 130 1010 ergo
145 961 164 998 et
179 969 229 1010 quae
243 957 267 999 de
283 971 306 1000 eo
320 957 473 1012 praedicantur,
487 958 565 1011 signum
580 956 673 999 efficiunt.
695 956 764 1007 Mater,

82 1033 201 1082 nonpate1·,
219 1030 243 1071 de
258 1043 296 1082 quo
311 1034 341 1071 est
357 1031 428 1071 mirum
445 1030 553 1082 silentium,
575 1029 685 1082 appellabit
699 1030 764 1086 [unp]

16 1097 18 1100 ”
82 1100 162 1153 syriaca
175 1100 241 1141 forma
249 1101 361 1154 eontraeta)
372 1114 416 1142 enm
425 1100 541 1153 Immanuel,
556 1100 608 1153 quod
622 1113 694 1141 nomen
706 1112 764 1153 prae-

56 1177 58 1182 “
82 1173 167 1213 sentiam
187 1172 293 1225 propitiam
307 1177 327 1214 et
344 1186 402 1227 opem
416 1174 454 1215 Dei
468 1173 560 1214 eontinet.
587 1173 629 1214 Lao
646 1172 731 1226 spissum
745 1174 765 1213 et

82 1244 121 1285 mel
133 1244 236 1298 oomedet,
254 1244 320 1299 pergit
334 1245 461 1288 vatioinando
478 1244 576 1300 propheta
592 1245 679 1286 mirabili
698 1244 763 1285 modo.

6 1367 8 1371 ¹
57 1324 58 1327 ’
83 1317 187 1371 Superbae
200 1318 268 1370 regiae
283 1318 355 1371 domui,
370 1332 421 1371 quae
434 1319 516 1361 videbat
525 1318 661 1360 tantummodo
675 1331 707 1359 res
718 1321 764 1359 ante

83 1391 151 1432 oeulos
165 1390 242 1443 positas
257 1390 327 1443 opibus
341 1404 365 1432 ao
374 1391 464 1443 potentia
477 1390 536 1443 hujus
550 1390 618 1431 mnndi
631 1391 688 1443 freta,
703 1403 764 1443 oppo-

83 1461 135 1502 nitur·
148 1462 181 1503 ille
188 1463 304 1513 Immanuel
318 1463 391 1517 quippe
406 1463 439 1515 qui
452 1475 541 1517 paupere
555 1469 574 1503 et
584 1462 619 1504 vili
628 1463 681 1504 viotu
694 1463 765 1504 alatur.

26 1553 27 1556 ¹
83 1535 156 1576 Errant
170 1536 228 1588 enim,
244 1536 276 1588 qui
287 1536 369 1589 propria
379 1536 489 1590 prophetae
503 1537 583 1588 exegesi
592 1536 620 1589 [v.
628 1537 665 1590 22)
674 1537 767 1589 negleeta

83 1608 141 1648 laetis
156 1611 180 1648 et
188 1608 252 1649 mellis
267 1621 301 1649 esu
316 1609 381 1649 eibum
393 1610 478 1649 tenellae
493 1609 564 1649 aetatis
578 1608 687 1659 signifioari
696 1612 767 1660 putant
818 1661 820 1663 q

85 1678 180 1731 (ansoni,
194 1679 297 1733 Forerius,
311 1680 380 1721 Matth.
395 1680 465 1732 Polus,
480 1679 581 1732 Vitringa,
596 1678 694 1733 SteudelJ.
720 1678 767 1720 Fuit

83 1752 150 1804 utique
164 1752 181 1792 is
196 1752 249 1805 aprtd
262 1757 340 1794 ueteres
354 1752 452 1794 infantilis
467 1753 539 1794 aetatis
551 1752 615 1794 vietus
629 1751 765 1804 (oiBoehart,

84 1824 162 1874 Hieron.
173 1823 189 1877 I,
204 1838 223 1878 p.
232 1825 289 1875 718).
317 1825 397 1867 Minime
411 1838 459 1867 vero
469 1825 532 1880 ipsius
546 1825 656 1879 prophetae
669 1824 765 1878 interpre-

83 1897 178 1939 tationem
193 1899 221 1950 (ν.
230 1898 265 1951 22)
277 1898 386 1951 praeterire
400 1898 472 1941 lioebit.
499 1899 523 1940 ln
535 1901 589 1940 terra
602 1899 693 1940 desolata
707 1902 726 1939 et
740 1898 765 1940 ab

83 1969 154 2009 ineolis
168 1969 257 2020 deserta,
272 1970 305 2010 uhi
320 1983 369 2023 ager
382 1983 422 2011 non
436 1971 511 2012 coletur
524 1983 588 2023 neque
602 1970 721 2011 frumentum
735 1982 765 2010 se·

83 2046 142 2094 retur,
157 2055 207 2095 puer
220 2042 254 2083 ille
268 2043 288 2083 in
298 2044 426 2097 pauperrima
440 2048 459 2085 et
472 2044 582 2085 humillima
591 2044 703 2085 conditione
718 2043 765 2085 ado-

83 2115 146 2156 lesoet
162 2115 263 2167 vitamque
279 2115 344 2168 deget.
377 2116 427 2166 :it-tp
443 2116 500 2175 stupa
516 2124 555 2175 »Ἠ
570 2116 620 2175 einp
637 2113 705 2176 impp}
719 2116 766 2169 quid

83 2186 122 2226 sibi
142 2187 211 2227 volunt
228 2186 279 2227 haee
297 2187 373 2228 uerba?
401 2187 503 2229 Ordienda
520 2192 550 2229 est
567 2186 766 2242 apraepositioneb

84 2254 202 2307 disquisitio.
229 2256 348 2310 interpretes
362 2258 481 2300 recentiores
496 2272 564 2300 omnes
582 2272 627 2301 eam
640 2262 719 2301 vertunt
732 2242 767 2301 aul

85 2326 172 2379 ‚‚donee“
183 2333 216 2370 aut
225 2330 273 2382 „sub
281 2330 385 2371 terminum
393 2343 432 2384 quo
436 2332 445 2354 “
454 2336 487 2373 aut
497 2332 601 2385 ,‚quando“
609 2345 659 2387 puer
670 2333 720 2374 soiat
728 2336 765 2374 ete.

83 2399 153 2452 Neque
172 2413 219 2442 vero
237 2396 411 2445 hisversionibus
428 2418 476 2446 usus
492 2405 573 2458 linguae
591 2405 651 2447 fauet.
679 2405 765 2447 Primum

83 2472 143 2514 rebus
157 2472 263 2525 diligenter
276 2477 390 2530 perpensis,
408 2490 476 2519 omnes
493 2478 542 2529 looi,
559 2478 593 2519 ubi
606 2475 618 2530 ξ
630 2482 676 2520 ante
687 2492 765 2530 nomen,

84 2544 116 2585 oui
129 2544 245 2598 temporalis
263 2547 318 2588 notio
336 2548 398 2600 inest,
418 2550 504 2602 positum
521 2532 614 2602 videtur,
633 2552 688 2591 nullo
706 2550 765 2592 modo

85 2616 196 2670 oomparari
206 2621 289 2670 possunt
299 2619 367 2673 (Deut.
376 2620 430 2674 XVI,
441 2623 464 2675 43
475 2622 536 2663 Ainos
543 2621 576 2675 Ill,
587 2622 610 2676 73
622 2623 690 2664 Psalm
698 2622 764 2676 XXX,

84 2688 106 2741 ὃς
120 2688 173 2742 LIX,
188 2688 220 2741 ln
235 2690 284 2733 (len⁴
293 2691 338 2744 VII,
349 2693 382 2745 103
398 2693 450 2748 Vlll,
464 2696 499 2747 tt,
513 2694 687 2751 utebaturque,
701 2708 765 2749 neque
