1912 3075
59 181 60 185 ’
116 183 125 204 1

296 202 482 253 4-27-

9 340 10 343 ’
79 345 111 386 ea¹
126 343 177 384 quae
191 332 238 384 VII,
254 334 279 375 14
292 336 374 374 narrata
388 336 444 386 sunt,
463 332 534 374 euenit.
558 331 585 373 Ut
600 330 660 384 igitur
673 334 758 383 taeeam,

78 404 154 445 nullam
168 419 249 447 oausam
269 418 324 455 esse,
345 419 379 446 eur
400 409 440 445 tam
454 405 510 446 brevi
524 405 589 456 spatio
604 405 681 445 duobus
695 403 773 455 signis*

14 497 16 499 v
79 476 131 519 idem
151 480 243 520 euentum
261 478 384 531 praedictum
399 478 425 519 sii
438 489 501 529 neque
516 480 582 518 tamen
596 476 658 518 altero
672 477 716 518 loeo
730 476 758 516 al-

79 552 143 590 terum
157 554 277 603 respeetum‚
292 552 370 602 tamen,
383 550 400 591 si
413 550 460 603 VII,
475 550 500 593 to
513 549 609 591 terminus
623 548 686 601 aliqui
699 549 759 590 deno·
839 568 842 572 ¹

80 626 133 664 tatus
148 626 206 675 esset,
220 625 302 675 uterque
316 623 410 665 terminus
424 623 545 665 nullomodo
557 621 671 664 eoueinnari
684 624 759 676 posset.

29 705 30 708 ’
79 696 131 736 Nam
144 695 262 746 Immanuel,
285 696 318 748 qui
331 696 377 749 Vn,
401 697 425 738 tt
438 695 525 737 nondum
544 698 651 749 oonoeptus
669 698 689 736 et
702 697 760 735 natus

80 771 123 810 erat
140 771 160 809 et
173 768 320 811 Idaherselralal
338 769 388 812 adeo
402 766 498 823 aequales
514 770 556 811 fere
575 760 651 821 esseut,
674 771 696 810 ut
710 768 760 809 alter

79 841 174 881 terminus
188 842 245 884 alteri
260 844 370 883 eontrariurs
384 846 441 883 esset.
455 843 528 882 Putant
542 841 621 892 quidem
635 841 759 892 interpretes,

82 912 178 954 infantem
192 913 288 955 triennem
303 937 327 943 —
341 927 366 954 ne
386 914 463 967 didam,
483 914 521 955 hoo
535 914 620 967 spatium
634 926 670 966 pro
684 912 761 953 ratione

80 984 119 1028 loei
133 969 176 1038 VII,
192 987 222 1027 tt.
238 987 262 1028 ld
277 990 297 1028 et
311 986 367 1039 VIII,
382 987 400 1028 3.
414 987 427 1027 4
440 985 498 1027 nimis
512 988 593 1039 longum
607 999 689 1027 esse-
704 985 761 1037 seire,

81 1057 128 1111 quid
142 1058 215 1099 honum
226 1062 261 1099 ant
274 1059 347 1099 malum
361 1059 392 1099 sit,
420 1060 447 1099 At
460 1059 535 1112 absque
547 1060 600 1112 June,
615 1062 712 1112 utsupra
726 1057 761 1098 de-

80 1130 240 1172 monstrauimus.
255 1132 355 1184 Videmus,
370 1132 480 1172 oritioorum
494 1131 676 1185 interpretatidnem
689 1131 762 1183 ubique

81 1204 169 1255 haerere,
190 1205 294 1245 contrariis
309 1209 328 1245 et
342 1204 490 1244 diffieultatihus
501 1206 567 1256 magis
580 1205 684 1256 magisque
698 1204 762 1255 impli-

81 1278 152 1318 eatam.

134 1348 218 1390 Prorsus
239 1349 297 1390 aliter
319 1363 341 1391 se
361 1350 422 1391 habet
440 1363 483 1400 res,
504 1350 522 1391 si
539 1353 628 1391 nostram
645 1348 762 1390 sententiam

83 1421 169 1473 quaeris.
198 1421 246 1463 dum
260 1421 370 1463 immanuel
387 1422 466 1463 minime
485 1423 563 1476 signum
581 1422 607 1463 sit
620 1421 763 1475 puniendorum

81 1494 177 1546 hosfium,
201 1506 212 1535 e
230 1495 328 1536 eontrarto
350 1508 389 1536 non
408 1498 454 1537 ante
473 1495 552 1537 illorum
565 1507 650 1549 poenam
669 1494 705 1536 sed
718 1497 765 1545 post

3 1589 5 1594 ν
82 1566 194 1608 naseiturus
208 1567 242 1620 sit,
260 1567 334 1608 ideireo
348 1570 384 1609 aas
398 1568 430 1609 uel
444 1568 522 1622 signum
536 1568 681 1622 puniendorum
694 1580 763 1619 regum

82 1651 179 1692 nusquam
193 1639 295 1692 hueusque
313 1640 381 1681 datum
395 1643 430 1682 est.
449 1641 556 1684 Praeterea
570 1642 614 1685 loeo
629 1639 676 1693 VII,
692 1642 716 1682 16
721 1671 726 1692 ,
747 1639 764 1680 si

82 1714 144 1755 verba
152 1712 263 1755 annuentium
272 1718 391 1767 speetantur,
405 1716 485 1768 proprie
495 1728 535 1756 non
548 1715 601 1756 idem
614 1714 689 1755 fautum
703 1714 764 1766 signi·

82 1785 164 1839 fleatur,
187 1786 240 1839 quod
257 1786 295 1829 hoo
311 1786 362 1829 loeo.
389 1787 427 1828 Hie
444 1790 520 1828 tantum
535 1787 560 1828 de
577 1786 646 1841 spoliis
661 1786 764 1827 Samariae

85 1864 113 1907 (et
127 1859 206 1912 Syriae)
222 1859 295 1911 agitur,
317 1859 368 1912 quod
383 1860 496 1900 vaticinium
510 1861 612 1913 impletum
630 1859 675 1899 vide
689 1860 702 1902 2
715 1860 765 1912 Reg.

83 1930 130 1983 XV,
158 1930 192 1972 uni
211 1931 353 1986 Tiglatpllesar
373 1933 445 1973 multos
469 1932 545 1974 ineolas
566 1946 577 1974 e
595 1945 656 1985 reguo
680 1931 764 1985 Ephrai-

84 2003 153 2045 mitioo
168 2003 285 2057 deportasse
300 2004 376 2047 dieitur.
396 2006 467 2058 Neque
481 2006 588 2057 quidquam
603 2005 674 2055 obstat,
689 2004 764 2056 quomi-

39 2075 40 2078 ’
84 2088 122 2117 nus
135 2076 234 2130 propheta
248 2077 280 2119 his
293 2078 359 2120 verbis
381 2092 426 2120 eam
440 2077 597 2133 deportationem
617 2076 765 2131 signifieauerit,

86 2149 133 2202 quia
151 2149 200 2190 fines
218 2150 247 2192 illi
266 2152 345 2204 abrupti
358 2157 411 2193 reete
425 2152 501 2205 praeda
517 2150 620 2192 Samariae
636 2151 703 2192 vooari
720 2162 766 2202 pos-

85 2221 235 2277 sinemuri,
251 2222 275 2265 td
289 2222 314 2264 de
328 2222 467 2265 desolanda
481 2222 560 2265 diritate
574 2221 718 2276 Ephraimitioa
731 2235 766 2264 va·

57 2330 58 2333 ,
85 2294 178 2337 tieinatur
191 2296 299 2349 propheta,
317 2296 348 2338 oui
362 2296 480 2346 desolationi
494 2296 602 2350 respondet
616 2296 713 2337 desolatio
728 2299 766 2336 ter-

86 2379 121 2408 rae
135 2367 232 2409 Judaieae
248 2369 291 2421 VH,
307 2370 383 2421 llsqq.
411 2369 467 2418 duae
486 2382 530 2410 eum
546 2368 574 2409 ita
592 2368 641 2422 sint,
662 2376 767 2421 utrumque

86 2440 160 2482 dietum
174 2439 314 2493 aliquomodo
331 2441 402 2482 differt.
425 2441 479 2483 Loeo
493 2442 537 2493 VII,
551 2442 576 2484 ld
594 2441 715 2494 generaliter
734 2441 767 2483 de-

86 2513 218 2568 portationem
232 2513 317 2555 hostium
331 2514 438 2556 annunciat
457 2515 566 2569 propheta3
589 2514 627 2556 lroo
641 2515 695 2567 loeo,
716 2526 767 2567 quae

87 2599 133 2628 mou
147 2598 183 2640 per
196 2585 371 2641 Tiglatpilesarem
385 2588 478 2631 faelenda
492 2591 543 2638 erat,
560 2599 646 2641 poenam
661 2590 681 2629 et
695 2587 767 2642 spella-

1 2653 5 2658 ”
87 2660 167 2702 tionem.
182 2683 206 2688 -
233 2659 303 2712 Itaque
317 2662 367 2702 nihil
381 2666 422 2713 est,
444 2674 477 2703 eur
491 2674 534 2702 uon
552 2665 635 2713 utraque
654 2662 717 2703 oratio
735 2674 767 2702 eo·

69 2768 72 2774 ,
88 2733 134 2774 dem
147 2734 189 2775 fere
206 2736 295 2785 tempore
309 2733 363 2775 diota
381 2734 518 2789 sitplibenter
537 2734 589 2774 enim
609 2734 654 2774 aliis
671 2734 780 2778 tradimusl
