1941 3075
457 177 584 218 -28-

182 308 327 362 designandum
341 307 447 351 discrimen
460 308 562 362 temporis,
576 319 615 361 quo
624 309 707 361 utraque
716 307 787 362 oratio,
802 307 861 350 simili

182 383 266 423 materia
279 381 349 436 ligata,
363 382 432 424 habita
446 381 476 423 sit.
499 381 577 424 Incerta
591 381 642 423 enim
657 384 711 422 certa
725 380 807 422 reddere
821 396 861 423 non

183 455 252 497 ausim.
261 479 282 484 —
300 455 423 497 Generaliter
431 467 478 496 vero
487 455 567 496 interitu
574 455 660 496 hostium
669 453 718 507 Gap.
728 453 766 494 VII
775 458 861 508 ostenso,

182 527 273 568 hocloco
281 527 391 581 prophetae
401 531 435 578 est,
444 527 517 580 populo
528 526 764 581 incredulciprouimas
777 539 860 580 poenas,

183 612 233 652 queas
244 601 312 642 hostes
322 600 386 642 daturi
400 600 445 650 sint,
459 604 505 641 ante
515 600 582 640 oculos
595 612 670 653 ponere
679 604 804 641 monumento
814 611 861 652 quo·

111 730 112 733 Ἴ
183 674 229 714 dam
244 673 333 727 publico,
352 674 405 726 quod
418 673 522 715 ueritatem
538 673 626 714 vaticinii
639 672 719 714 indicet.
740 672 809 726 ltaque
822 685 861 714 nno
911 662 912 665 Ἴ

112 773 121 782 ¹·
183 760 246 800 ecque
261 746 364 800 aptissimo
378 746 436 800 signo
450 739 482 788 res
496 746 563 788 futmn
576 745 727 800 praeformatur.

241 820 268 862 Ut
282 824 347 861 etitem
361 820 410 872 (lap.
425 820 463 861 VII
476 819 582 872 vaticinio,
597 819 650 871 quod
664 819 763 872 supplicia
776 818 862 860 hostium

183 891 297 945 pronuntiat
312 894 338 944 (u.
354 892 398 943 tt),
412 892 495 932 alterum
509 891 602 943 succedit,
617 891 670 943 quod
683 903 759 944 poenas
773 891 862 932 Judeeae

184 963 270 1005 ostendit
278 965 305 1015 (v.
314 963 337 1007 17
345 966 403 1017 squ),
418 954 446 1004 ita
460 964 499 1005 iam
514 964 612 1018 propheta
625 976 656 1004 uu.
665 964 716 1006 ss-8
731 962 756 1003 ad
764 961 862 1004 Judceam

183 1037 260 1079 transit
286 1028 359 1077 Errant
369 1035 436 1089 enim,
459 1038 491 1089 qui
511 1037 573 1078 verba
587 1041 627 1095 '⁵¹33
640 1040 681 1094 οἷς.
696 1036 721 1076 ad
729 1035 863 1088 Ephraimitas

183 1108 272 1150 referunt
287 1107 386 1160 (Hieron,
406 1106 475 1149 Ludw.
490 1107 515 1149 de
529 1108 586 1158 Dico,
607 1106 708 1148 Hofmann
723 1104 804 1161 [Weiss.
823 1104 863 1146 und

184 1182 225 1223 nrt
234 1181 312 1235 p.230)‚
326 1180 424 1233 Umbreit)
440 1183 473 1220 aiut
487 1180 512 1220 ad
527 1193 595 1221 omnes
609 1178 714 1220 duodecim
726 1179 789 1219 tribus
797 1177 864 1229 tuton·
947 1182 948 1186 ’

184 1256 244 1305 1]ο]·]],
259 1255 407 1306 Roseumiiller,
422 1253 530 1306 Delbuseln,
543 1252 701 1307 Naegelsbach).
729 1250 864 1301 ulceratione

184 1329 269 1381 populus
294 1326 397 1369 Samariae
420 1339 483 1379 aquuas
506 1326 574 1367 Siloae
600 1325 704 1378 aspernari
725 1328 791 1378 potest
812 1324 865 1364 dici?

185 1400 271 1451 „levius
285 1399 306 1437 id
320 1400 344 1439 de
358 1400 448 1439 hostibus
463 1400 536 1438 dictum
550 1401 626 1448 esset“,
649 1402 702 1438 reete
720 1400 775 1437 notat
789 1397 864 1436 Roseu-

184 1471 261 1511 miiller.
289 1469 347 1521 curo,
363 1471 421 1522 quod,
436 1475 476 1528 mn
489 1475 532 1540 ³3³3!
546 1471 622 1523 (vult,
637 1470 662 1511 12
671 1469 696 1509 ef.
711 1469 743 1521 Vl,
757 1468 778 1519 e)
793 1465 865 1508 Judaei

186 1545 240 1592 sunt,
259 1540 310 1583 inter
327 1555 376 1594 quuos
392 1545 411 1583 et
424 1541 478 1596 apud
492 1555 541 1594 quros
555 1544 653 1595 propheta
669 1541 761 1593 loquitur.
785 1540 865 1580 Praete·

184 1629 220 1657 rea
234 1619 337 1657 contentus
351 1629 390 1657 uon
403 1616 424 1657 in
438 1617 504 1656 medio
517 1628 559 1655 rem
572 1616 670 1667 relinquit.
684 1616 736 1655 Nam
748 1614 772 1653 de
780 1612 865 1665 Ephrai-

185 1687 238 1729 mitis
250 1691 292 1739 Jam
306 1688 379 1730 dictum
394 1693 424 1730 est
438 1689 478 1740 (uu.
494 1690 562 1740 1—4]‚
581 1692 600 1730 et
615 1700 678 1740 aeque
692 1691 751 1740 atque
765 1685 813 1739 dap.
828 1684 865 1726 Vll

158 1810 159 1813 Ἴ
186 1760 283 1813 propheta
298 1760 323 1799 ab
337 1759 361 1800 iis
369 1760 396 1800 ad
403 1760 491 1801 Judaeos
505 1759 702 1812 transgrediendos.
717 1764 793 1816 ruptum
807 1769 825 1797 v.
836 1757 865 1804 8).

186 1831 244 1880 cuod
266 1835 332 1872 autem
354 1837 448 1884 uutrcsqne
468 1832 531 1872 oratio
553 1832 698 1885 complectitur,
718 1832 746 1872 ita
766 1835 788 1872 ut
810 1831 865 1883 prius

186 1905 300 1957 membrum}
319 1907 381 1945 totum
406 1904 514 1958 populum,
541 1905 640 1957 posterius
660 1917 707 1945 vero
731 1902 866 1956 Ephraimitas

188 1980 264 2031 spectet
280 1977 405 2034 fflelitmob)7
419 1977 527 2019 violentum
540 1977 623 2019 videtur.
650 1976 722 2018 ludaei
736 1980 781 2017 sunt
793 1976 817 2029 ii,
832 1975 865 2029 quui

187 2063 250 2103 aquas
262 2050 329 2092 siloae
342 2054 442 2104 spernunt.
457 2051 527 2102 Aquae
542 2051 581 2092 nae
594 2045 713 2091 aduumbrant
727 2062 765 2090 non
782 2062 865 2102 regnum

187 2122 306 2164 Dauidicum
314 2122 343 2175 (id
352 2122 404 2176 quod
411 2123 501 2177 plerique
508 2123 625 2177 interpretes
633 2122 719 2177 volunt),
725 2121 778 2175 quod
787 2134 810 2163 eo
817 2125 865 2162 tem·
933 2167 941 2179 -,
961 2124 963 2127 ’

187 2209 235 2249 pore
246 2196 358 2249 improbum
368 2199 415 2249 erat,
424 2196 460 2238 sed
469 2197 533 2238 Deum
543 2198 608 2251 ipsum
619 2196 747 2250 (Schmidius,
757 2196 830 2249 Hiram,
840 2196 865 2240 cf.

186 2269 218 2309 Ps
233 2267 304 2320 XLVI,
319 2267 340 2319 ὃς
355 2268 396 2309 Jes.
410 2267 515 2321 XXXIII,
534 2269 566 2321 12)
580 2270 612 2310 vel
626 2269 691 2322 potius
706 2267 794 2308 divina-m
808 2280 866 2321 opem

188 2340 255 2393 (Pisa,
264 2340 340 2392 bunius,
349 2340 445 2392 Glassius,
454 2340 562 2393 Sanctius).
578 2340 691 2394 Oppositae⁴
702 2344 746 2381 sunt
760 2341 817 2393 aquus
826 2341 865 2381 illis
933 2377 934 2380 ,

186 2414 255 2455 urbem
262 2413 391 2466 irrigantibus
399 2413 535 2455 validissimae
542 2426 606 2467 aquae
614 2412 726 2466 Euphratis.
741 2412 767 2454 At
778 2426 865 2456 masore-

186 2488 226 2529 tica
234 2486 345 2540 conjunctio
352 2487 457 2528 uerborum
469 2487 548 2528 minime
557 2486 661 2539 probanda
668 2486 752 2528 videtur.
766 2478 864 2540 Hierony-

186 2572 230 2602 mus
242 2559 280 2615 [ad
293 2559 345 2601 hunc
359 2560 435 2613 loeum)
451 2562 515 2600 notat:
532 2559 598 2612 „Siloe
612 2562 677 2601 autem
692 2560 766 2601 iontem
781 2571 825 2601 esse
839 2558 865 2599 ad

186 2632 274 2673 radicem
285 2631 357 2673 montis
368 2632 422 2683 Sion,
438 2631 470 2683 qui
479 2643 518 2672 ncn
528 2631 610 2683 jugibus
619 2632 676 2683 aquis
688 2633 724 2673 sed
737 2631 823 2674 incertis
831 2622 866 2673 lross

186 2705 213 2747 ris
227 2703 336 2758 diebusque
345 2704 426 2746 ebulliat
441 2707 460 2745 et
473 2716 509 2758 per
516 2707 613 2745 terrarum
627 2717 716 2746 concaua
729 2707 748 2747 et
757 2704 880 2745 annaeum
960 2704 961 2708 ’
