1912 3075
350 162 478 202 „33-

18 306 19 309 ’
75 305 190 351 perversum
200 296 219 334 et
233 293 344 346 irnprohum
357 290 412 332 atuor
423 295 458 350 coo
471 291 578 344 μέλλοντος.
592 291 755 346 Populussuper-

25 408 26 411 ,
77 366 156 409 stitione
170 369 239 418 captus
254 378 266 405 a
279 365 439 407 necromantibus
454 369 473 406 et
490 364 573 424 hariolis
587 364 681 405 auxilium
696 375 756 416 quae·

13 482 14 486 ,
76 439 108 482 rit.
136 438 176 479 Sed
191 437 259 478 fideles
273 439 404 493 respondent:
431 438 502 479 Nonne
522 425 610 492 populus
621 438 685 477 Deum
699 448 756 478 suurn

10 522 12 524 ’
78 512 182 557 consulet?
205 524 252 552 narn
266 524 302 564 pro
316 512 366 554 vivis
380 515 468 554 mortuos
482 511 494 552 i.
503 524 520 554 e.
534 514 672 568 necromantes
686 522 756 552 consu-

19 594 28 607 *
77 586 155 628 lamus?
176 583 242 632 Quid?
260 586 339 625 tandem
354 585 461 637 aliqnando
475 596 540 625 nonne
558 585 643 637 populus
657 584 757 624 locuturus

43 695 46 704 ,
79 663 109 701 ost
121 653 205 716 varab]
218 653 291 717 ujlnh,
310 659 389 711 qualem
405 658 459 698 Deras
477 669 514 711 per
526 657 645 711 prophetam
659 655 758 697 dederat?

79 732 155 783 Argute
169 730 271 771 Delitzsch
284 735 352 772 notat:
378 732 433 784 „Der
447 731 522 771 Aufruf
538 732 564 772 ist
577 731 615 781 wie
629 730 673 772 eine
686 730 758 770 Parole

79 805 99 845 in
112 802 224 855 Kriegsaeit
238 802 342 855 getormr‘.
369 802 449 844 Minime
463 816 520 857 vero,
541 803 559 844 si
572 803 620 856 quid
633 802 702 855 video,
722 814 759 855 per

78 876 196 931 particulam
210 873 235 915 rib
247 881 284 929 'hrt
298 876 384 930 protasis
397 875 484 930 affertur,
498 876 526 918 ita
540 881 561 917 ut
574 878 618 915 arud
632 876 716 930 apodosi
729 875 758 916 in-

2 941 4 944 ’
79 947 176 989 dicandae
190 948 297 1002 inserviat,
318 947 339 988 id
353 949 407 1000 quod
421 947 521 1001 Singulari
535 946 555 989 'u
568 952 646 989 vetatur
661 946 758 998 certisque

78 1020 159 1072 linguae
172 1020 241 1063 usibus
253 1020 334 1075 probari
348 1021 422 1074 nequit.
438 1020 511 1062 Contra
525 1024 559 1061 aut
572 1017 635 1074 dhan
650 1020 700 1061 sicut
714 1021 760 1073 post

79 1093 174 1135 formulae
185 1094 268 1147 jurandi
282 1099 302 1136 et
315 1094 458 1136 obtestationes
472 1094 589 1152 „profecto“
603 1093 717 1145 significare
730 1091 759 1133 vi-

48 1179 50 1182 ’
79 1166 148 1218 detur,
163 1171 197 1207 aut
212 1173 238 1219 hu
252 1167 349 1219 particula
363 1167 506 1219 interrogativa
519 1171 574 1208 recta
588 1170 619 1207 est
633 1166 668 1218 (cf.
682 1165 759 1215 XXIX,

80 1239 125 1291 tol:
140 1253 165 1280 an
180 1253 220 1281 non
233 1242 341 1282 secundum
355 1241 408 1282 istud
422 1242 504 1282 verbum
517 1240 597 1281 tandern
607 1239 690 1280 locuturi
701 1237 764 1288 sunt?¹

80 1311 177 1359 Qucdetsi
194 1316 243 1354 tunc
257 1317 395 1354 uecromantes
419 1317 438 1353 et
456 1312 527 1354 harioli
546 1315 674 1365 quaeruntur,
695 1322 760 1351 nonne

80 1383 187 1436 aliquando
203 1388 280 1438 ternpus
294 1384 370 1438 veniet,
392 1397 431 1439 quo
444 1385 530 1439 populus
544 1385 609 1426 Deum
623 1386 704 1439 ejrrsque
717 1395 765 1431 ver->

79 1458 126 1498 bum
141 1459 240 1510 consulat,
260 1457 311 1499 sicut
322 1458 365 1511 jam
378 1462 425 1499 tunc
439 1458 545 1500 ecclesiola
559 1457 670 1498 Jesaiana‘?
697 1456 760 1506 Quor-

79 1541 113 1570 sus
128 1529 193 1570 autern
208 1530 291 1571 tendunt
304 1531 366 1571 verba
380 1532 425 1588 atriti
437 1529 500 1583 'ab'ptxj
512 1531 571 1590 arta?
584 1530 642 1572 LXX
656 1533 675 1571 et
688 1523 759 1570 Pescla

79 1599 123 1649 atriti
137 1601 215 1653 legunt,
237 1600 334 1642 Suffixum
352 1601 378 1642 ad
396 1602 492 1654 „uerbum
505 1601 568 1642 illud‘
582 1601 700 1642 referentes:
723 1611 760 1651 pro
828 1612 829 1615 ’

80 1682 119 1721 quo
133 1670 207 1710 nullum
220 1681 291 1711 rnunus
305 1671 392 1711 dandum
406 1675 442 1711 est.
469 1670 618 1723 EprIcareris:
640 1668 717 1709 Harioli
731 1667 760 1708 illi

79 1755 162 1783 munera
175 1743 281 1795 postulant,
295 1743 376 1784 verbum
391 1743 430 1784 Dei
443 1743 529 1796 gratuito
543 1744 633 1784 donatur.
655 1741 682 1781 At
695 1753 760 1781 maso-

79 1813 162 1854 reticarn
175 1816 240 1855 textus
255 1813 339 1873 formam
352 1819 419 1859 tenere
434 1815 506 1857 certius
520 1820 555 1857 est.
584 1815 680 1856 Centoras
694 1812 759 1854 arabi-

80 1940 124 1968 cum
141 1893 211 2011 Ιὲυκ
229 1904 387 1982 [Steudehzlih
408 1942 446 1981 quo
463 1928 518 1970 nulla
540 1931 571 1970 eet
593 1926 702 1970 incantatio
725 1926 759 1980 (cf.

79 2033 161 2086 XLVII,
180 2034 220 2085 tr).
248 2033 288 2074 Sed
309 2034 359 2076 haec
377 2034 496 2088 significatio
510 2033 603 2076 incertior
620 2034 708 2086 videtum
729 2046 760 2075 re-

20 2112 22 2114 ’
81 2105 214 2158 ceptiseimarn
230 2109 327 2157 ,aurorat
341 2110 408 2147 tenere
422 2110 523 2159 praestat,
544 2107 650 2148 dunrrnodo
664 2120 689 2147 ne
702 2107 761 2147 Rela-

79 2177 142 2219 tivum
156 2176 181 2218 ad
195 2176 247 2217 Plur.
260 2178 318 2235 talari*
332 2178 439 2230 referatur,
455 2192 493 2231 quo
511 2180 574 2220 relato
590 2179 687 2220 sententia
701 2169 761 2219 etiam

66 2271 68 2279 ι
82 2246 185 2287 obscurior
205 2251 224 2287 et
237 2245 304 2288 durior
319 2247 391 2288 evadit.
418 2249 488 2291 Placet
501 2250 563 2291 verba
577 2261 620 2289 cu1n
634 2249 762 2300 sequentihus

81 2318 171 2373 jungere,
186 2331 237 2370 quae
251 2319 331 2374 pardtip
350 2332 433 2361 aurorae
448 2325 467 2362 et
481 2321 573 2375 caliginis
587 2320 655 2374 (aaa)
669 2320 761 2375 imagini-

81 2390 118 2431 hus
130 2391 221 2444 juratur:
236 2393 267 2434 cui
280 2407 321 2435 non
334 2406 407 2434 aurora
420 2394 462 2445 erit,
476 2394 570 2436 transibit
582 2406 617 2447 per
630 2398 705 2434 terram
718 2406 761 2435 esu-

81 2463 135 2505 riens
147 2468 166 2505 et
174 2464 284 2506 maledicet
296 2466 339 2518 regi
356 2467 425 2507 etDeo
440 2480 481 2508 suo
496 2466 548 2507 Narn
562 2466 612 2518 quia.
619 2479 688 2520 praep.
704 2467 760 2528 abis

20 2566 24 2573 ,
81 2535 149 2587 posita
162 2538 198 2586 est,
213 2534 252 2575 loci
265 2535 297 2576 Ps.
310 2537 333 2588 V,
348 2537 369 2589 ὃς
383 2537 476 2590 LXVIII,
493 2538 519 2580 25
533 2537 582 2578 nihil
595 2537 686 2578 adhaec
699 2537 761 2579 rerba

81 2607 186 2660 pertinent.
200 2605 282 2647 Samma
295 2608 409 2662 desperatio
422 2609 454 2651 hic
468 2609 585 2650 describitur
599 2599 633 2663 (cf.
643 2609 706 2663 Apoc.
718 2609 762 2661 XV,

82 2681 113 2721 11.
128 2681 169 2734 al).
198 2679 244 2722 Sive
259 2693 347 2734 sursum,
361 2683 404 2725 sive
418 2683 510 2724 deorsum
524 2681 592 2723 oculos
605 2682 674 2737 vertit,
688 2683 761 2735 uhique
854 2695 856 2697 ·

601 2757 613 2799 3
