1941 3075
402 103 589 181 Ὶ*34-

182 265 293 319 tribulatio,
316 267 432 321 angustiae,
454 269 554 311 tenebrae.
586 268 678 321 Plerique
701 272 780 311 vertunt
803 267 864 311 verba
967 263 969 312 ]

183 342 268 381 vexata:
290 346 339 398 supp?
351 336 413 400 tsspq'}
427 344 482 383 :et
494 342 515 383 in
525 341 632 395 caliginem
639 342 751 395 propulsus.
764 341 864 383 Atneseio
942 356 951 395 Q

184 422 209 451 an
224 416 272 465 apta
286 412 312 453 sit
325 413 458 457 haecversio.
487 413 541 474 abque
563 416 610 458 Aoo.
624 416 709 458 localem
726 429 770 458 esse
784 417 864 460 minime
890 440 893 470 3
939 455 940 458 ,
968 400 970 453 ζ

184 481 250 535 credo,
265 485 297 524 cui
310 485 339 526 rei
353 485 408 527 loeus
423 485 463 527 Jer.
477 485 558 537 XXIII,
573 486 598 528 t2
610 487 764 540 haudquaquam
779 490 864 551 patroci-

184 558 248 608 natur,
263 557 380 612 quoPraep.
396 566 409 618 ξι
423 563 519 612 usurpata
529 563 549 600 et
566 555 634 619 ”itte
647 560 811 615 praecedentibus
819 562 865 603 sub·
923 571 925 574 ’

183 624 308 679 jungendum
322 634 357 670 est.
372 629 425 672 Loco
446 629 508 680 XIII,
523 630 548 671 lt
562 631 634 672 collato
649 632 801 685 animadvertes,
815 633 865 674 anti-

184 697 256 740 thesim
275 701 331 743 uerbi
349 708 384 760 up
398 714 442 744 esse
457 708 506 761 γη.
520 702 628 744 Praeterea
644 705 743 757 particula
764 711 785 761 *a
807 718 826 746 v.
840 705 865 748 23
940 736 942 739 -

187 774 281 826 postulat,
295 776 317 812 ut
330 777 390 813 antea
405 773 481 825 aliquid
494 773 579 826 legatur,
594 774 646 826 quod
660 774 732 814 solatio
747 775 779 816 sit.
793 774 864 817 Verbis

185 846 246 899 igitur
264 845 353 888 obscuris
374 858 427 887 nova
450 845 516 890 afferri
536 845 669 888 crediderim!
687 846 769 888 desaiae
786 848 866 900 quidem

184 918 287 971 proprium
302 921 341 970 est,
356 918 418 959 multa
431 917 493 959 verba
506 917 559 959 idem
574 916 707 970 significantia
725 931 832 970 congerere
846 923 866 960 et
941 937 942 941 ¹

186 991 297 1043 cumulare,
318 989 354 1030 sed
368 994 460 1043 quattuor
474 989 567 1032 sulficere
584 991 701 1045 putaverim.
728 992 756 1032 At
772 991 866 1034 tenebrae

187 1064 336 1119 dissipabuntur
350 1063 384 1115 (of.
398 1063 507 1117 Naegelsb.
523 1064 549 1105 ad
562 1064 581 1105 h.
595 1066 609 1105 l.
624 1065 685 1106 etGr.
699 1066 750 1116 §aa
763 1066 791 1118 t),
804 1066 868 1119 inquit
945 1071 947 1073 '

186 1137 291 1192 propheta.
318 1136 349 1176 aa
363 1137 482 1177 constructio
497 1137 562 1189 magis
577 1137 679 1189 convenit,
694 1149 752 1189 quam
766 1137 818 1190 quod
832 1150 868 1192 per

186 1210 305 1265 particulam
319 1216 340 1261 ³?
353 1209 448 1250 transitus
462 1209 488 1251 ad
502 1209 562 1250 aliam
575 1210 685 1262 materiam,
699 1221 726 1251 sc.
741 1211 767 1251 ad
781 1210 868 1263 descrip-

186 1280 260 1320 tionem
286 1278 375 1319 melioris
397 1278 582 1335 conditionisfiat.
609 1278 716 1319 Praeterea
737 1292 780 1320 cum
807 1280 869 1321 verba

187 1346 255 1410 πξξθζαξ
267 1357 312 1408 apen
332 1350 359 1391 ad
372 1363 390 1392 v.
398 1350 430 1393 *22
443 1337 561 1404 pertineant,
575 1354 644 1391 nostra
658 1351 790 1404 explicatione
803 1352 869 1405 paral-

187 1421 276 1463 lelismus
295 1432 335 1462 non
348 1421 416 1462 laesus
436 1420 514 1463 videtur
529 1420 597 1473 [simili
617 1420 676 1462 modo
690 1420 773 1474 Hitzig).
799 1421 869 1475 Neque

188 1494 241 1536 enim
260 1493 349 1536 manebit
369 1494 491 1546 obscuratio,
513 1493 544 1535 eui
565 1494 669 1547 angustiae
689 1493 778 1546 fuerunt,
803 1496 870 1549 pergit

189 1567 287 1622 propheta
302 1567 405 1620 (temporis
419 1566 534 1608 diversitate
552 1580 588 1621 per
608 1566 736 1607 anthithesim
752 1568 869 1622 postulata).

189 1640 245 1682 Sicut
257 1644 347 1694 tempore
359 1639 426 1693 priore
441 1642 574 1693 contemptam
587 1640 656 1681 habuit
669 1640 836 1681 terramSebulon
851 1644 870 1682 et

187 1716 260 1755 terram
273 1711 383 1767 Naphthali
400 1713 467 1777 [ruppe
481 1712 505 1754 ct.
519 1712 561 1753 Ew.
575 1714 588 1764 ξ
602 1712 640 1755 173
647 1713 683 1766 h),
697 1712 807 1766 posteriore
820 1717 870 1755 tem·
951 1713 952 1717 ’

131 1837 132 1840 ¹
188 1799 237 1838 pore
251 1786 359 1838 gloriosam
372 1785 443 1826 reddet
457 1786 510 1826 viam
527 1786 598 1837 maris,
612 1788 685 1826 terram
703 1785 870 1837 transjordanam‚

190 1857 304 1899 Galilaeam
313 1856 407 1909 gentium.
415 1857 515 1909 Regiones
523 1857 575 1897 istae
582 1851 709 1913 Palaestinae
717 1858 871 1909 septentrionem

190 1942 259 1972 versus
273 1929 324 1971 sitae
343 1928 387 1981 jam
404 1928 437 1970 diu
450 1928 536 1970 maxime
557 1928 577 1970 in
592 1929 758 1982 contemptionem
776 1934 872 1971 venerant

190 2006 272 2058 propter
285 2000 431 2042 multitudinem
439 2013 564 2055 paganorum
578 2000 607 2041 ibi
619 1999 751 2041 habitantium
760 2000 792 2053 (ef.
800 2002 811 2043 t
820 2001 870 2054 Reg·

190 2075 226 2129 IX,
242 2075 275 2129 11]
295 2078 314 2116 et
327 2073 473 2115 incursionibus
487 2073 576 2127 gentium
590 2072 702 2126 hostilium,
723 2072 820 2126 imprimis
835 2073 871 2127 Sy-

190 2161 257 2190 rorum
272 2146 376 2202 expositae
390 2150 451 2197 erant,
467 2146 530 2188 donec
544 2146 687 2199 Tiglatpilesar
702 2145 871 2197 earumipsarum
954 2182 956 2185 ,

122 2215 124 2217 ’
191 2221 295 2274 regionum
314 2219 391 2262 incolas
412 2220 526 2273 deportaret
546 2219 567 2269 (2
581 2219 631 2272 Reg.
644 2218 692 2271 XV,
706 2217 747 2270 29).
781 2216 871 2261 Ceterum

191 2294 300 2335 membrum
324 2293 423 2346 posterius
452 2294 507 2346 prius
533 2293 643 2333 membrum
672 2290 768 2332 excedere
795 2291 873 2333 videtur

193 2367 329 2427 (pepe-stupet).
352 2371 389 2425 03?
410 2369 441 2408 est
458 2379 513 2408 mare
527 2363 658 2408 Genezareth.
679 2362 770 2416 Galilaea
784 2369 814 2407 est
828 2378 872 2420 sep·
940 2362 942 2366 ’

193 2439 317 2479 tentrionalis
330 2441 395 2478 terrae
409 2437 520 2490 Naphthali
533 2448 586 2489 pars.
605 2436 683 2491 tillim?
695 2441 721 2486 Πξῖ
739 2435 786 2476 Aoo.
803 2439 872 2488 temp.3
927 2466 928 2469 η

181 2494 213 2549 'id
225 2507 278 2548 enim
291 2506 346 2558 Subj.
360 2518 414 2558 esse,
435 2506 503 2547 durius
522 2505 571 2545 mihi
585 2504 671 2557 videtur,
689 2517 733 2545 cum
750 2516 801 2557 quae
815 2516 873 2556 argu

192 2583 260 2622 menta
274 2566 370 2621 Gesenius
385 2580 410 2620 de
424 2578 463 2620 hoe
476 2578 556 2631 linguae
571 2577 664 2619 arabicae
679 2581 698 2619 et
711 2576 818 2619 hebraicae
837 2587 874 2616 usu

193 2652 269 2707 attulit,
289 2664 359 2707 parum
373 2652 468 2706 probent,
482 2654 503 2693 ut
517 2650 612 2704 omittam,
626 2663 662 2705 pro
675 2650 737 2693 blase.
753 2652 805 2692 certe
819 2649 873 2695 Fero.
